symbol,DATE,TIME_M,EX,TR_SCOND,SIZE,PRICE
ACW,20140304,9:30:45.155,P,Q,137,4.6
ACW,20140304,9:30:45.155,P,@,137,4.6
ACW,20140304,9:30:45.155,P,@,263,4.6
ACW,20140304,9:30:45.155,P,@,200,4.6
ACW,20140304,9:30:45.156,N,O,8201,4.62
ACW,20140304,9:30:45.188,N,F,100,4.6
ACW,20140304,9:30:45.216,N,@,100,4.6
ACW,20140304,9:30:45.241,D,4,205,4.62
ACW,20140304,9:30:54.172,K,@,100,4.61
ACW,20140304,9:31:47.137,N,@,200,4.65
ACW,20140304,9:31:47.139,N,F,500,4.65
ACW,20140304,9:31:47.141,N,I,90,4.65
ACW,20140304,9:31:51.504,N,@,1800,4.71
ACW,20140304,9:31:51.522,D,@,700,4.71
ACW,20140304,9:32:17.504,N,@,200,4.71
ACW,20140304,9:32:27.541,N,@,1100,4.71
ACW,20140304,9:32:27.543,K,@,800,4.7
ACW,20140304,9:32:27.555,K,F,600,4.71
ACW,20140304,9:32:43.283,K,@,200,4.71
ACW,20140304,9:32:43.546,N,@,100,4.73
ACW,20140304,9:32:47.877,K,@,100,4.75
ACW,20140304,9:32:55.370,N,@,100,4.79
ACW,20140304,9:32:55.371,T,F,100,4.77
ACW,20140304,9:32:55.371,T,Q,100,4.77
ACW,20140304,9:32:55.618,N,@,100,4.78
ACW,20140304,9:33:08.009,N,F,100,4.77
ACW,20140304,9:33:08.036,B,F,200,4.77
ACW,20140304,9:33:08.294,T,F I,21,4.76
ACW,20140304,9:33:12.598,D,@,100,4.76
ACW,20140304,9:33:12.607,Z,@,100,4.76
ACW,20140304,9:33:12.607,B,@,100,4.76
ACW,20140304,9:33:12.608,N,@,100,4.76
ACW,20140304,9:33:12.614,P,@,100,4.74
ACW,20140304,9:33:12.615,N,@,140,4.74
ACW,20140304,9:33:12.653,T,@,100,4.76
ACW,20140304,9:33:12.659,T,@,100,4.75
ACW,20140304,9:33:12.665,T,@,100,4.74
ACW,20140304,9:33:12.665,Z,I,60,4.75
ACW,20140304,9:33:12.671,N,@,160,4.73
ACW,20140304,9:33:12.717,N,F,100,4.73
ACW,20140304,9:34:00.222,P,@,100,4.74
ACW,20140304,9:34:00.223,N,F,300,4.74
ACW,20140304,9:34:00.250,B,F,100,4.74
ACW,20140304,9:34:00.250,T,F,100,4.74
ACW,20140304,9:34:00.250,B,F,100,4.74
ACW,20140304,9:34:32.047,D,@,750,4.7202
ACW,20140304,9:34:49.342,N,@,100,4.76
ACW,20140304,9:35:03.680,D,@,100,4.7525
ACW,20140304,9:35:03.682,D,@,300,4.758
ACW,20140304,9:35:04.794,D,@,100,4.7525
ACW,20140304,9:35:04.797,D,@,300,4.758
ACW,20140304,9:35:06.065,D,@,300,4.758
ACW,20140304,9:35:06.067,D,@,100,4.7525
ACW,20140304,9:35:19.709,T,@,200,4.76
ACW,20140304,9:35:35.474,B,F,200,4.76
ACW,20140304,9:35:35.474,N,F,100,4.76
ACW,20140304,9:35:35.518,D,@,100,4.76
ACW,20140304,9:36:27.554,N,@,100,4.75
ACW,20140304,9:36:27.554,N,F,100,4.74
ACW,20140304,9:36:27.554,N,F,100,4.73
ACW,20140304,9:36:27.554,B,F,100,4.75
ACW,20140304,9:36:27.554,B,F,100,4.75
ACW,20140304,9:36:27.622,N,F,100,4.76
ACW,20140304,9:36:33.699,D,I,9,4.77
ACW,20140304,9:37:02.970,D,@,400,4.758
ACW,20140304,9:37:04.289,D,@,100,4.76
ACW,20140304,9:37:04.292,D,@,300,4.758
ACW,20140304,9:37:05.915,D,@,400,4.758
ACW,20140304,9:37:07.557,K,F I,4,4.76
ACW,20140304,9:37:09.383,K,@,100,4.76
ACW,20140304,9:37:32.345,K,I,96,4.765
ACW,20140304,9:37:32.405,N,@,100,4.78
ACW,20140304,9:37:35.310,D,@,100,4.78
ACW,20140304,9:37:35.318,T,F,100,4.78
ACW,20140304,9:37:35.318,P,F,100,4.78
ACW,20140304,9:37:35.318,K,F,100,4.78
ACW,20140304,9:37:35.434,N,F,100,4.79
ACW,20140304,9:37:35.568,D,@,400,4.78
ACW,20140304,9:37:35.620,D,@,100,4.78
ACW,20140304,9:37:40.719,D,@,200,4.8
ACW,20140304,9:37:40.721,D,@,300,4.8
ACW,20140304,9:37:44.605,N,F,1000,4.8
ACW,20140304,9:37:45.216,D,I,66,4.7801
ACW,20140304,9:37:47.752,N,@,200,4.8
ACW,20140304,9:37:49.030,K,@,100,4.81
ACW,20140304,9:37:49.031,N,@,100,4.81
ACW,20140304,9:37:49.032,K,@,900,4.81
ACW,20140304,9:37:52.414,N,F,100,4.84
ACW,20140304,9:37:52.416,K,F,400,4.85
ACW,20140304,9:37:52.423,B,F,100,4.83
ACW,20140304,9:37:52.425,Z,F,100,4.85
ACW,20140304,9:38:07.146,P,F,300,4.97
ACW,20140304,9:38:07.147,N,F,100,4.98
ACW,20140304,9:38:07.153,D,F,100,4.98
ACW,20140304,9:38:07.239,D,@,100,4.98
ACW,20140304,9:38:07.240,D,@,200,4.98
ACW,20140304,9:38:09.506,N,@,400,4.95
ACW,20140304,9:38:09.510,B,F,200,4.95
ACW,20140304,9:38:09.548,D,@,100,4.94
ACW,20140304,9:38:09.763,N,@,100,4.88
ACW,20140304,9:38:09.770,D,@,100,4.8801
ACW,20140304,9:38:09.774,D,@,750,4.85
ACW,20140304,9:38:19.684,N,@,100,4.9
ACW,20140304,9:38:21.534,N,F,100,4.91
ACW,20140304,9:39:08.342,D,@,100,4.92
ACW,20140304,9:39:35.200,P,@,100,4.92
ACW,20140304,9:39:35.201,K,F,100,4.91
ACW,20140304,9:39:35.201,Y,F,100,4.91
ACW,20140304,9:39:35.201,K,F,100,4.91
ACW,20140304,9:39:35.201,N,F,200,4.91
ACW,20140304,9:39:35.204,N,F,100,4.9
ACW,20140304,9:39:35.206,Z,F,100,4.885
ACW,20140304,9:39:35.206,Z,F I,16,4.88
ACW,20140304,9:39:35.207,T,F I,23,4.89
ACW,20140304,9:39:35.208,N,F,100,4.87
ACW,20140304,9:39:35.209,P,@,100,4.85
ACW,20140304,9:39:35.210,B,I,84,4.85
ACW,20140304,9:39:35.211,T,F,200,4.85
ACW,20140304,9:39:35.211,B,I,16,4.85
ACW,20140304,9:39:35.211,B,I,12,4.85
ACW,20140304,9:39:35.211,J,I,12,4.85
ACW,20140304,9:39:35.211,J,I,16,4.85
ACW,20140304,9:39:35.219,D,@,100,4.85
ACW,20140304,9:40:27.324,P,@,100,4.85
ACW,20140304,9:40:27.325,N,F,400,4.85
ACW,20140304,9:40:27.352,P,@,100,4.85
ACW,20140304,9:40:27.352,Z,F,100,4.865
ACW,20140304,9:40:27.352,B,F,200,4.85
ACW,20140304,9:40:27.352,P,F,256,4.84
ACW,20140304,9:40:27.353,P,F,644,4.84
ACW,20140304,9:40:42.027,D,@,200,4.879
ACW,20140304,9:40:52.728,D,@,200,4.851
ACW,20140304,9:40:52.730,D,@,100,4.851
ACW,20140304,9:40:52.738,D,@,100,4.85
ACW,20140304,9:41:04.438,B,F,100,4.85
ACW,20140304,9:41:04.484,P,F,100,4.84
ACW,20140304,9:41:04.484,T,F,500,4.84
ACW,20140304,9:41:04.485,P,@,500,4.84
ACW,20140304,9:41:04.499,T,@,100,4.84
ACW,20140304,9:41:05.192,T,I,54,4.82
ACW,20140304,9:41:05.203,D,I,46,4.78
ACW,20140304,9:41:06.105,B,@,100,4.84
ACW,20140304,9:41:06.106,Y,@,100,4.84
ACW,20140304,9:41:06.106,N,F,100,4.84
ACW,20140304,9:42:11.583,Z,@,100,4.845
ACW,20140304,9:42:11.589,Z,@,100,4.845
ACW,20140304,9:42:11.590,P,@,100,4.855
ACW,20140304,9:42:11.590,T,@,100,4.855
ACW,20140304,9:42:11.593,D,@,100,4.855
ACW,20140304,9:42:11.597,D,@,100,4.855
ACW,20140304,9:42:11.599,D,@,100,4.845
ACW,20140304,9:42:23.699,K,@,300,4.87
ACW,20140304,9:42:28.150,B,F,100,4.84
ACW,20140304,9:42:28.150,N,F,100,4.84
ACW,20140304,9:42:28.151,P,@,2300,4.84
ACW,20140304,9:42:28.153,T,@,100,4.84
ACW,20140304,9:42:40.910,T,@,100,4.85
ACW,20140304,9:42:53.968,B,@,100,4.83
ACW,20140304,9:42:53.974,Y,@,100,4.83
ACW,20140304,9:42:53.983,P,I,46,4.83
ACW,20140304,9:42:53.984,N,@,100,4.83
ACW,20140304,9:42:54.060,D,@,161,4.82
ACW,20140304,9:42:54.064,N,@,100,4.82
ACW,20140304,9:42:54.072,D,@,155,4.79
ACW,20140304,9:44:14.596,Z,@,100,4.84
ACW,20140304,9:44:14.596,Z,@,100,4.84
ACW,20140304,9:44:18.953,D,@,100,4.845
ACW,20140304,9:44:21.019,D,@,100,4.84
ACW,20140304,9:44:21.089,D,@,100,4.84
ACW,20140304,9:44:30.847,P,@,100,4.83
ACW,20140304,9:44:30.848,N,F,100,4.83
ACW,20140304,9:44:40.894,P,I,22,4.82
ACW,20140304,9:45:54.899,P,@,230,4.85
ACW,20140304,9:45:56.261,T,@,100,4.84
ACW,20140304,9:45:56.265,T,F,100,4.84
ACW,20140304,9:46:11.247,D,@,400,4.85
ACW,20140304,9:46:11.247,D,@,100,4.85
ACW,20140304,9:46:41.222,D,@,100,4.85
ACW,20140304,9:46:41.292,D,@,200,4.85
ACW,20140304,9:47:34.279,D,@,200,4.85
ACW,20140304,9:48:27.336,D,@,200,4.85
ACW,20140304,9:49:20.386,D,@,200,4.85
ACW,20140304,9:49:43.257,D,I,2,4.83
ACW,20140304,9:49:51.696,D,@,650,4.8304
ACW,20140304,9:50:00.694,B,I,1,4.83
ACW,20140304,9:50:13.441,D,@,100,4.85
ACW,20140304,9:51:05.094,D,@,200,4.8304
ACW,20140304,9:51:06.501,D,@,200,4.85
ACW,20140304,9:52:05.216,D,@,200,4.85
ACW,20140304,9:52:24.258,D,@,100,4.85
ACW,20140304,9:53:03.922,D,@,200,4.85
ACW,20140304,9:53:54.887,P,@,100,4.83
ACW,20140304,9:53:54.887,P,@,100,4.83
ACW,20140304,9:53:54.888,B,F,199,4.83
ACW,20140304,9:53:54.888,N,F,200,4.83
ACW,20140304,9:53:54.889,P,@,501,4.83
ACW,20140304,9:53:54.893,D,F,100,4.83
ACW,20140304,9:53:56.008,D,@,100,4.83
ACW,20140304,9:53:56.234,P,F,200,4.83
ACW,20140304,9:53:56.234,Z,F I,2,4.83
ACW,20140304,9:56:00.084,D,@,100,4.84
ACW,20140304,9:56:00.164,D,@,200,4.84
ACW,20140304,9:56:48.879,D,@,400,4.8555
ACW,20140304,9:56:48.881,D,@,100,4.845
ACW,20140304,9:56:48.917,D,@,100,4.84
ACW,20140304,9:57:01.714,D,@,200,4.845
ACW,20140304,9:57:44.642,D,@,100,4.86
ACW,20140304,9:58:03.249,D,@,100,4.845
ACW,20140304,9:58:16.769,D,@,100,4.85
ACW,20140304,9:58:24.621,T,@,300,4.85
ACW,20140304,9:58:24.621,T,@,100,4.85
ACW,20140304,9:58:24.621,T,@,100,4.85
ACW,20140304,9:58:40.861,D,@,100,4.85
ACW,20140304,9:58:41.435,P,@,100,4.84
ACW,20140304,9:58:41.435,P,@,100,4.84
ACW,20140304,9:58:41.463,B,F,100,4.84
ACW,20140304,9:58:41.464,X,F,100,4.84
ACW,20140304,9:58:41.468,D,F,100,4.84
ACW,20140304,9:58:41.470,P,@,2000,4.84
ACW,20140304,9:58:41.560,N,F,100,4.83
ACW,20140304,9:59:25.473,D,@,100,4.845
ACW,20140304,9:59:25.514,D,@,100,4.84
ACW,20140304,9:59:43.327,D,@,100,4.845
ACW,20140304,10:00:00.131,D,@,100,4.845
ACW,20140304,10:00:29.525,D,@,100,4.84
ACW,20140304,10:01:10.792,J,@,100,4.84
ACW,20140304,10:01:10.793,N,@,100,4.84
ACW,20140304,10:01:34.157,D,@,100,4.845
ACW,20140304,10:01:44.807,N,@,100,4.84
ACW,20140304,10:02:25.199,D,@,100,4.845
ACW,20140304,10:02:55.972,P,@,100,4.845
ACW,20140304,10:03:16.234,D,@,100,4.845
ACW,20140304,10:03:18.393,P,@,100,4.845
ACW,20140304,10:03:30.675,D,@,100,4.8475
ACW,20140304,10:03:30.677,D,@,100,4.845
ACW,20140304,10:03:30.681,D,@,100,4.85
ACW,20140304,10:03:30.682,P,F,300,4.845
ACW,20140304,10:03:30.683,N,F,200,4.85
ACW,20140304,10:03:30.684,D,@,100,4.85
ACW,20140304,10:03:30.715,D,@,100,4.8475
ACW,20140304,10:03:32.445,N,F I,42,4.85
ACW,20140304,10:03:32.487,D,@,100,4.84
ACW,20140304,10:04:07.274,D,@,200,4.845
ACW,20140304,10:04:46.004,D,@,100,4.845
ACW,20140304,10:04:48.678,D,@,100,4.8499
ACW,20140304,10:04:58.309,D,@,200,4.845
ACW,20140304,10:05:49.345,D,@,200,4.845
ACW,20140304,10:05:54.323,N,F I,1,4.85
ACW,20140304,10:06:25.583,N,F,157,4.85
ACW,20140304,10:06:25.632,P,@,100,4.85
ACW,20140304,10:06:25.632,T,@,100,4.85
ACW,20140304,10:06:40.385,D,@,100,4.855
ACW,20140304,10:06:43.196,D,@,100,4.86
ACW,20140304,10:06:46.474,D,I,41,4.86
ACW,20140304,10:07:33.031,D,@,200,4.855
ACW,20140304,10:07:34.032,B,@,100,4.85
ACW,20140304,10:07:44.910,P,@,100,4.85
ACW,20140304,10:07:44.912,N,F,467,4.85
ACW,20140304,10:07:44.939,T,F,100,4.85
ACW,20140304,10:07:44.952,D,@,100,4.84
ACW,20140304,10:07:45.005,N,F,100,4.84
ACW,20140304,10:08:25.676,D,@,100,4.84
ACW,20140304,10:09:18.308,P,@,100,4.84
ACW,20140304,10:10:10.954,P,@,200,4.84
ACW,20140304,10:11:03.597,P,@,200,4.84
ACW,20140304,10:11:20.967,T,I,44,4.84
ACW,20140304,10:11:20.970,D,I,44,4.84
ACW,20140304,10:11:21.153,P,I,24,4.84
ACW,20140304,10:11:21.153,P,I,19,4.84
ACW,20140304,10:11:24.010,D,@,100,4.84
ACW,20140304,10:11:50.454,P,I,44,4.84
ACW,20140304,10:11:57.739,D,@,200,4.84
ACW,20140304,10:12:52.013,D,@,200,4.84
ACW,20140304,10:13:46.034,D,@,200,4.84
ACW,20140304,10:14:26.221,D,@,600,4.84
ACW,20140304,10:14:26.226,P,F,300,4.85
ACW,20140304,10:14:26.226,B,F,200,4.85
ACW,20140304,10:14:26.226,N,F,100,4.85
ACW,20140304,10:14:26.227,D,@,100,4.85
ACW,20140304,10:14:26.229,D,@,900,4.85
ACW,20140304,10:14:26.232,D,F,100,4.86
ACW,20140304,10:14:26.232,D,@,100,4.85
ACW,20140304,10:14:26.234,N,F I,41,4.86
ACW,20140304,10:14:26.241,D,F,359,4.86
ACW,20140304,10:14:26.244,D,@,100,4.85
ACW,20140304,10:14:26.256,D,@,200,4.85
ACW,20140304,10:14:26.260,D,@,1300,4.845
ACW,20140304,10:14:26.317,D,@,100,4.85
ACW,20140304,10:14:28.624,D,@,100,4.84
ACW,20140304,10:14:30.814,D,@,100,4.85
ACW,20140304,10:14:30.819,D,@,100,4.855
ACW,20140304,10:14:30.826,J,@,100,4.855
ACW,20140304,10:14:30.836,Z,@,100,4.855
ACW,20140304,10:14:40.174,D,@,200,4.855
ACW,20140304,10:14:40.214,D,@,100,4.85
ACW,20140304,10:14:51.066,D,@,100,4.85
ACW,20140304,10:15:13.598,D,@,100,4.855
ACW,20140304,10:15:13.625,D,@,1200,4.86
ACW,20140304,10:15:13.674,D,@,1200,4.86
ACW,20140304,10:15:20.004,D,@,100,4.86
ACW,20140304,10:15:20.044,D,@,100,4.85
ACW,20140304,10:15:34.315,D,@,200,4.86
ACW,20140304,10:15:45.847,Z,@,100,4.86
ACW,20140304,10:15:46.169,D,@,100,4.86
ACW,20140304,10:16:28.472,D,@,200,4.86
ACW,20140304,10:17:23.984,D,@,200,4.86
ACW,20140304,10:17:40.365,D,@,100,4.86
ACW,20140304,10:17:45.670,D,@,600,4.86
ACW,20140304,10:17:45.672,D,@,100,4.87
ACW,20140304,10:17:45.677,D,@,900,4.87
ACW,20140304,10:17:45.677,P,F,300,4.87
ACW,20140304,10:17:45.678,P,F,100,4.87
ACW,20140304,10:17:45.678,N,F,400,4.87
ACW,20140304,10:17:45.679,D,@,100,4.85
ACW,20140304,10:17:45.679,Y,F,200,4.87
ACW,20140304,10:17:45.680,N,F,400,4.87
ACW,20140304,10:17:45.682,D,@,100,4.87
ACW,20140304,10:17:45.861,D,@,100,4.865
ACW,20140304,10:17:45.891,Z,@,100,4.865
ACW,20140304,10:17:45.993,N,@,100,4.87
ACW,20140304,10:17:53.419,Z,F,200,4.865
ACW,20140304,10:17:53.419,Y,F,200,4.87
ACW,20140304,10:17:53.420,N,F,300,4.87
ACW,20140304,10:17:53.433,D,@,100,4.86
ACW,20140304,10:17:53.472,D,@,100,4.87
ACW,20140304,10:18:08.889,J,I,28,4.87
ACW,20140304,10:18:08.900,Y,F I,72,4.87
ACW,20140304,10:18:19.496,D,@,200,4.865
ACW,20140304,10:18:20.727,P,@,200,4.86
ACW,20140304,10:18:20.728,N,F,412,4.86
ACW,20140304,10:18:20.730,B,@,100,4.87
ACW,20140304,10:18:20.754,T,F,100,4.86
ACW,20140304,10:18:20.755,K,F,100,4.86
ACW,20140304,10:18:20.835,C,F,100,4.86
ACW,20140304,10:18:31.890,Z,@,100,4.86
ACW,20140304,10:19:15.028,D,@,100,4.86
ACW,20140304,10:19:17.619,D,@,100,4.87
ACW,20140304,10:19:19.596,D,@,100,4.865
ACW,20140304,10:19:33.285,D,@,117,4.8601
ACW,20140304,10:19:46.073,N,F,129,4.86
ACW,20140304,10:19:46.099,K,F,700,4.86
ACW,20140304,10:19:46.103,D,F,100,4.86
ACW,20140304,10:19:57.446,P,@,100,4.85
ACW,20140304,10:19:57.446,P,I,53,4.85
ACW,20140304,10:19:57.452,D,F,500,4.85
ACW,20140304,10:19:57.460,D,F,100,4.85
ACW,20140304,10:19:57.501,D,@,100,4.84
ACW,20140304,10:20:10.544,D,@,100,4.85
ACW,20140304,10:20:27.060,D,@,100,4.86
ACW,20140304,10:20:27.065,N,F,100,4.86
ACW,20140304,10:21:04.260,P,@,100,4.85
ACW,20140304,10:21:04.261,T,F,100,4.85
ACW,20140304,10:21:04.261,Z,F I,46,4.85
ACW,20140304,10:21:04.261,Z,F,100,4.85
ACW,20140304,10:21:04.262,N,F,100,4.85
ACW,20140304,10:21:04.266,D,F,100,4.85
ACW,20140304,10:21:06.063,D,@,100,4.845
ACW,20140304,10:21:47.571,D,@,3000,4.84
ACW,20140304,10:21:47.575,D,@,2000,4.8401
ACW,20140304,10:21:51.962,D,@,100,4.845
ACW,20140304,10:21:51.964,D,@,100,4.845
ACW,20140304,10:21:54.480,N,F,100,4.84
ACW,20140304,10:22:02.800,D,@,100,4.845
ACW,20140304,10:22:06.513,D,@,200,4.84
ACW,20140304,10:22:41.180,N,F,100,4.84
ACW,20140304,10:22:59.553,D,@,100,4.845
ACW,20140304,10:23:39.837,D,@,100,4.84
ACW,20140304,10:23:39.837,D,@,100,4.84
ACW,20140304,10:23:39.847,D,@,100,4.84
ACW,20140304,10:23:39.857,D,@,100,4.84
ACW,20140304,10:23:39.867,D,@,100,4.84
ACW,20140304,10:23:39.878,D,@,100,4.84
ACW,20140304,10:23:40.013,D,@,100,4.845
ACW,20140304,10:23:41.053,D,@,100,4.845
ACW,20140304,10:23:56.285,D,@,100,4.845
ACW,20140304,10:24:17.370,D,@,100,4.84
ACW,20140304,10:24:53.018,D,@,200,4.845
ACW,20140304,10:25:06.966,D,@,100,4.84
ACW,20140304,10:25:06.971,D,@,100,4.84
ACW,20140304,10:25:06.982,C,@,100,4.84
ACW,20140304,10:25:06.986,N,@,100,4.84
ACW,20140304,10:25:07.014,P,F,100,4.84
ACW,20140304,10:25:07.028,D,@,100,4.8401
ACW,20140304,10:25:07.028,D,@,100,4.8401
ACW,20140304,10:25:07.029,D,@,100,4.8401
ACW,20140304,10:25:07.030,D,@,100,4.8401
ACW,20140304,10:25:07.030,D,@,100,4.8401
ACW,20140304,10:25:07.957,D,@,100,4.84
ACW,20140304,10:25:34.704,D,@,100,4.845
ACW,20140304,10:25:34.706,D,@,100,4.845
ACW,20140304,10:25:34.707,D,@,100,4.845
ACW,20140304,10:25:34.747,D,@,100,4.84
ACW,20140304,10:25:49.756,D,@,200,4.845
ACW,20140304,10:26:46.501,D,@,200,4.845
ACW,20140304,10:27:21.166,K,@,100,4.845
ACW,20140304,10:27:24.186,D,@,100,4.845
ACW,20140304,10:27:24.187,D,@,100,4.845
ACW,20140304,10:27:24.193,D,@,100,4.845
ACW,20140304,10:27:24.193,D,@,100,4.845
ACW,20140304,10:27:44.286,D,@,200,4.845
ACW,20140304,10:28:16.965,X,F,100,4.84
ACW,20140304,10:28:16.967,N,F,400,4.84
ACW,20140304,10:28:17.802,T,F I,23,4.84
ACW,20140304,10:28:17.802,T,F,100,4.84
ACW,20140304,10:28:17.802,K,F,100,4.84
ACW,20140304,10:28:17.802,P,F,100,4.84
ACW,20140304,10:28:17.802,Z,F I,54,4.84
ACW,20140304,10:28:17.802,Z,F,100,4.84
ACW,20140304,10:28:17.803,N,F,100,4.84
ACW,20140304,10:28:17.806,D,F,100,4.84
ACW,20140304,10:28:34.761,D,@,1000,4.849
ACW,20140304,10:28:34.818,D,@,100,4.84
ACW,20140304,10:28:42.070,D,@,100,4.84
ACW,20140304,10:28:42.100,D,@,100,4.84
ACW,20140304,10:28:57.152,N,F I,35,4.85
ACW,20140304,10:29:12.255,X,F,100,4.83
ACW,20140304,10:29:12.255,Y,F,700,4.83
ACW,20140304,10:29:12.255,Y,F,100,4.83
ACW,20140304,10:29:12.255,Y,F,500,4.83
ACW,20140304,10:29:12.256,N,F,300,4.83
ACW,20140304,10:29:19.553,D,@,100,4.84
ACW,20140304,10:29:34.018,T,F I,37,4.83
ACW,20140304,10:29:34.018,T,F I,15,4.83
ACW,20140304,10:29:34.019,T,F I,48,4.83
ACW,20140304,10:29:34.019,P,F,100,4.83
ACW,20140304,10:29:34.019,P,F,100,4.83
ACW,20140304,10:29:35.991,D,@,100,4.84
ACW,20140304,10:29:43.447,D,@,100,4.84
ACW,20140304,10:30:02.289,X,F,100,4.83
ACW,20140304,10:30:02.289,B,F,100,4.83
ACW,20140304,10:30:02.289,K,F,100,4.83
ACW,20140304,10:30:02.290,N,F,100,4.83
ACW,20140304,10:30:02.338,Z,F I,24,4.83
ACW,20140304,10:30:14.355,X,F,100,4.82
ACW,20140304,10:30:14.355,P,F,100,4.82
ACW,20140304,10:30:14.356,N,F,160,4.82
ACW,20140304,10:31:01.315,D,@,100,4.81
ACW,20140304,10:31:27.299,D,@,300,4.8199
ACW,20140304,10:31:41.204,P,F,100,4.815
ACW,20140304,10:32:18.022,P,F,100,4.815
ACW,20140304,10:32:59.604,P,@,100,4.815
ACW,20140304,10:33:13.327,Z,F,100,4.81
ACW,20140304,10:33:13.327,P,F,100,4.81
ACW,20140304,10:33:13.327,K,F,100,4.81
ACW,20140304,10:33:13.327,Z,F,100,4.81
ACW,20140304,10:33:13.328,X,F,100,4.81
ACW,20140304,10:33:13.328,N,F,500,4.81
ACW,20140304,10:33:13.331,T,F I,30,4.8
ACW,20140304,10:33:13.331,P,F I,31,4.8
ACW,20140304,10:33:13.332,T,F I,7,4.8
ACW,20140304,10:33:13.347,T,I,13,4.79
ACW,20140304,10:33:13.347,Z,I,25,4.79
ACW,20140304,10:33:24.772,D,@,100,4.8
ACW,20140304,10:33:24.785,D,@,100,4.8
ACW,20140304,10:34:31.964,T,I,69,4.79
ACW,20140304,10:34:31.982,N,I,31,4.8
ACW,20140304,10:34:32.016,D,@,100,4.8
ACW,20140304,10:34:43.851,D,@,100,4.8
ACW,20140304,10:35:01.615,K,@,100,4.79
ACW,20140304,10:35:27.070,N,F,100,4.79
ACW,20140304,10:35:27.096,K,F,100,4.79
ACW,20140304,10:35:27.096,T,F,100,4.79
ACW,20140304,10:35:27.096,P,F,400,4.79
ACW,20140304,10:35:27.097,X,F,100,4.79
ACW,20140304,10:35:27.105,D,@,100,4.8
ACW,20140304,10:35:35.722,P,I,57,4.78
ACW,20140304,10:35:35.723,T,F,100,4.78
ACW,20140304,10:35:35.723,T,F,600,4.78
ACW,20140304,10:35:35.723,K,F,400,4.78
ACW,20140304,10:35:35.723,K,F,300,4.78
ACW,20140304,10:35:35.723,J,F,100,4.78
ACW,20140304,10:35:35.731,D,@,100,4.78
ACW,20140304,10:35:35.801,Z,F I,82,4.77
ACW,20140304,10:35:35.801,K,F,118,4.77
ACW,20140304,10:35:35.802,N,F,100,4.77
ACW,20140304,10:35:43.183,P,@,100,4.77
ACW,20140304,10:35:43.184,K,F,100,4.77
ACW,20140304,10:35:43.185,X,F,100,4.77
ACW,20140304,10:35:43.199,D,I,86,4.76
ACW,20140304,10:36:04.490,P,@,100,4.74
ACW,20140304,10:36:04.491,J,F,100,4.74
ACW,20140304,10:36:04.492,N,F,100,4.74
ACW,20140304,10:37:02.265,N,@,100,4.75
ACW,20140304,10:37:02.268,N,@,100,4.76
ACW,20140304,10:37:02.268,N,@,100,4.76
ACW,20140304,10:37:02.269,T,F,100,4.76
ACW,20140304,10:37:02.271,N,@,100,4.77
ACW,20140304,10:37:02.539,P,@,100,4.76
ACW,20140304,10:37:02.539,P,@,200,4.74
ACW,20140304,10:37:02.540,P,@,100,4.74
ACW,20140304,10:37:02.540,Z,I,4,4.76
ACW,20140304,10:37:02.540,T,F,100,4.74
ACW,20140304,10:37:02.540,N,@,100,4.76
ACW,20140304,10:37:02.540,P,I,4,4.74
ACW,20140304,10:37:02.540,N,F,200,4.75
ACW,20140304,10:37:02.540,Z,F,100,4.74
ACW,20140304,10:37:02.540,P,@,100,4.74
ACW,20140304,10:37:02.540,P,@,4096,4.74
ACW,20140304,10:37:02.542,T,F,100,4.73
ACW,20140304,10:37:02.542,T,F I,25,4.73
ACW,20140304,10:37:02.542,T,F I,50,4.72
ACW,20140304,10:37:02.542,T,F I,25,4.72
ACW,20140304,10:37:02.543,D,F,100,4.76
ACW,20140304,10:37:06.096,X,F,100,4.73
ACW,20140304,10:37:06.096,P,F,100,4.73
ACW,20140304,10:37:06.097,N,F,100,4.73
ACW,20140304,10:37:10.264,P,F,200,4.74
ACW,20140304,10:37:10.264,J,F,100,4.74
ACW,20140304,10:37:10.265,N,F,100,4.74
ACW,20140304,10:37:10.309,P,F,100,4.76
ACW,20140304,10:37:16.249,N,F,100,4.77
ACW,20140304,10:37:16.287,P,F,100,4.78
ACW,20140304,10:37:23.007,T,F,100,4.76
ACW,20140304,10:37:23.007,T,F,100,4.76
ACW,20140304,10:37:23.007,Z,F,100,4.76
ACW,20140304,10:37:23.007,X,F,100,4.76
ACW,20140304,10:37:23.011,D,F,100,4.76
ACW,20140304,10:37:23.078,N,@,100,4.76
ACW,20140304,10:37:23.083,C,F,100,4.76
ACW,20140304,10:37:31.827,N,@,100,4.75
ACW,20140304,10:37:31.827,N,I,48,4.76
ACW,20140304,10:37:31.827,T,F,100,4.75
ACW,20140304,10:38:15.877,P,F,100,4.76
ACW,20140304,10:38:56.082,P,F,128,4.76
ACW,20140304,10:38:56.084,P,F,500,4.76
ACW,20140304,10:38:56.089,P,F,600,4.76
ACW,20140304,10:38:56.141,P,F,700,4.76
ACW,20140304,10:38:56.261,P,@,900,4.76
ACW,20140304,10:38:56.261,N,I,52,4.76
ACW,20140304,10:38:56.714,P,@,200,4.76
ACW,20140304,10:39:10.915,P,@,100,4.76
ACW,20140304,10:39:10.916,N,@,100,4.76
ACW,20140304,10:39:10.953,P,F,100,4.76
ACW,20140304,10:39:20.948,P,F,100,4.76
ACW,20140304,10:39:30.218,P,@,972,4.76
ACW,20140304,10:39:30.219,X,@,100,4.76
ACW,20140304,10:39:30.256,T,I,28,4.77
ACW,20140304,10:39:30.471,P,F,100,4.78
ACW,20140304,10:39:30.499,N,F,100,4.78
ACW,20140304,10:40:45.118,T,@,100,4.8
ACW,20140304,10:40:45.124,T,@,100,4.8
ACW,20140304,10:41:03.033,T,F,100,4.8
ACW,20140304,10:42:11.884,T,F,150,4.8
ACW,20140304,10:42:19.320,T,I,44,4.8
ACW,20140304,10:42:19.320,T,@,156,4.8
ACW,20140304,10:43:55.495,T,@,200,4.8
ACW,20140304,10:45:31.669,T,@,200,4.8
ACW,20140304,10:45:42.086,X,@,100,4.8
ACW,20140304,10:46:06.674,T,@,100,4.8
ACW,20140304,10:46:51.101,T,@,9344,4.8
ACW,20140304,10:46:51.101,T,@,863,4.8
ACW,20140304,10:46:51.102,P,@,200,4.8
ACW,20140304,10:46:51.102,K,@,300,4.8
ACW,20140304,10:46:51.103,D,@,100,4.8
ACW,20140304,10:46:51.115,Z,F,100,4.8
ACW,20140304,10:46:51.140,Z,@,100,4.8
ACW,20140304,10:46:51.148,X,F,100,4.8
ACW,20140304,10:47:07.856,Z,@,100,4.8
ACW,20140304,10:47:07.861,N,@,100,4.81
ACW,20140304,10:47:07.869,D,I,50,4.8001
ACW,20140304,10:47:07.926,N,@,100,4.82
ACW,20140304,10:47:07.930,N,F,100,4.84
ACW,20140304,10:47:21.664,P,@,300,4.84
ACW,20140304,10:47:21.665,X,@,100,4.84
ACW,20140304,10:47:21.666,N,@,100,4.84
ACW,20140304,10:47:21.768,K,@,100,4.85
ACW,20140304,10:47:21.768,K,@,300,4.85
ACW,20140304,10:47:21.870,D,@,100,4.845
ACW,20140304,10:47:31.961,D,@,100,4.84
ACW,20140304,10:47:35.547,D,@,200,4.84
ACW,20140304,10:47:45.487,D,@,300,4.84
ACW,20140304,10:47:45.527,D,@,100,4.84
ACW,20140304,10:48:34.019,D,@,100,4.845
ACW,20140304,10:48:46.117,D,@,200,4.845
ACW,20140304,10:49:04.587,D,F,200,4.84
ACW,20140304,10:49:04.587,D,F,100,4.84
ACW,20140304,10:49:05.782,D,F,100,4.84
ACW,20140304,10:49:05.782,D,F,100,4.84
ACW,20140304,10:49:15.821,N,@,500,4.84
ACW,20140304,10:49:15.821,J,@,100,4.84
ACW,20140304,10:49:15.821,J,@,100,4.84
ACW,20140304,10:49:15.822,K,@,300,4.84
ACW,20140304,10:49:15.822,P,@,100,4.84
ACW,20140304,10:49:15.822,P,@,100,4.84
ACW,20140304,10:49:15.822,P,@,100,4.84
ACW,20140304,10:49:15.823,T,F,100,4.84
ACW,20140304,10:49:15.823,T,F,1000,4.84
ACW,20140304,10:49:15.823,T,F,400,4.84
ACW,20140304,10:49:15.823,T,F,100,4.84
ACW,20140304,10:49:15.824,P,F,100,4.84
ACW,20140304,10:49:15.824,N,@,200,4.84
ACW,20140304,10:49:15.825,P,@,100,4.84
ACW,20140304,10:49:15.825,P,@,100,4.84
ACW,20140304,10:49:15.862,D,@,100,4.84
ACW,20140304,10:49:15.897,C,F,100,4.84
ACW,20140304,10:49:15.935,N,I,63,4.83
ACW,20140304,10:49:15.938,T,I,35,4.83
ACW,20140304,10:49:15.938,T,I,2,4.83
ACW,20140304,10:49:15.944,T,I,59,4.83
ACW,20140304,10:49:16.248,N,@,100,4.84
ACW,20140304,10:49:32.116,Y,F,100,4.84
ACW,20140304,10:50:24.431,D,@,100,4.84
ACW,20140304,10:51:50.109,Y,F,100,4.84
ACW,20140304,10:52:02.716,D,@,200,4.84
ACW,20140304,10:53:37.108,Y,F,100,4.84
ACW,20140304,10:53:43.269,D,@,200,4.84
ACW,20140304,10:55:23.907,D,@,200,4.84
ACW,20140304,10:56:14.046,K,I,41,4.83
ACW,20140304,10:56:14.049,K,F I,59,4.83
ACW,20140304,10:56:20.568,K,F,100,4.83
ACW,20140304,10:57:04.395,T,@,100,4.83
ACW,20140304,10:57:04.395,K,@,100,4.83
ACW,20140304,10:57:23.788,K,F,200,4.83
ACW,20140304,10:57:23.788,K,F,100,4.83
ACW,20140304,10:57:23.789,T,F,100,4.83
ACW,20140304,10:57:23.791,D,@,100,4.83
ACW,20140304,10:58:47.393,D,@,200,4.84
ACW,20140304,10:59:20.015,D,@,100,4.84
ACW,20140304,10:59:21.163,K,@,100,4.84
ACW,20140304,10:59:21.163,P,F,100,4.84
ACW,20140304,10:59:21.216,K,F,100,4.85
ACW,20140304,10:59:21.217,K,@,1100,4.85
ACW,20140304,10:59:21.226,N,F,100,4.87
ACW,20140304,10:59:34.299,N,F,100,4.89
ACW,20140304,10:59:36.989,N,F,100,4.9
ACW,20140304,10:59:37.734,N,@,100,4.9
ACW,20140304,10:59:46.670,N,@,100,4.9
ACW,20140304,10:59:48.387,P,@,100,4.89
ACW,20140304,10:59:48.388,J,F,100,4.89
ACW,20140304,10:59:48.388,N,F,200,4.89
ACW,20140304,10:59:55.783,P,@,100,4.88
ACW,20140304,10:59:55.784,K,F,200,4.88
ACW,20140304,10:59:55.784,N,F,400,4.88
ACW,20140304,10:59:55.806,P,@,100,4.87
ACW,20140304,10:59:55.806,P,@,100,4.87
ACW,20140304,10:59:55.806,T,@,100,4.87
ACW,20140304,11:00:41.522,N,F,300,4.9
ACW,20140304,11:00:41.529,N,@,100,4.91
ACW,20140304,11:01:17.735,K,F,100,4.92
ACW,20140304,11:01:17.736,K,F,500,4.92
ACW,20140304,11:01:27.759,B,F,100,4.92
ACW,20140304,11:01:27.760,N,@,200,4.92
ACW,20140304,11:01:31.961,P,@,100,4.91
ACW,20140304,11:01:31.962,N,@,160,4.91
ACW,20140304,11:01:43.140,T,F,100,4.88
ACW,20140304,11:01:43.153,Z,F I,35,4.88
ACW,20140304,11:01:43.154,B,F,100,4.9
ACW,20140304,11:01:43.155,N,F,100,4.9
ACW,20140304,11:01:45.181,D,F,18658,4.87
ACW,20140304,11:01:45.589,N,@,100,4.91
ACW,20140304,11:01:48.873,K,@,100,4.91
ACW,20140304,11:01:48.874,T,F,100,4.91
ACW,20140304,11:01:52.076,N,F,100,4.91
ACW,20140304,11:01:58.921,N,F,551,4.9
ACW,20140304,11:01:58.941,T,F,100,4.9
ACW,20140304,11:02:12.951,N,F,100,4.9
ACW,20140304,11:02:13.972,P,F,1300,4.9
ACW,20140304,11:02:13.972,N,F,200,4.9
ACW,20140304,11:03:04.038,D,@,3000,4.9
ACW,20140304,11:03:04.045,D,@,1900,4.8999
ACW,20140304,11:03:15.131,P,I,46,4.89
ACW,20140304,11:03:15.131,P,@,100,4.89
ACW,20140304,11:03:15.132,T,F,100,4.89
ACW,20140304,11:03:15.132,P,I,53,4.89
ACW,20140304,11:03:15.132,T,F,200,4.89
ACW,20140304,11:03:15.132,P,I,47,4.89
ACW,20140304,11:03:30.419,N,F,100,4.91
ACW,20140304,11:04:50.490,N,F,200,4.91
ACW,20140304,11:04:50.516,B,F,100,4.91
ACW,20140304,11:05:09.905,Y,@,100,4.93
ACW,20140304,11:05:49.348,B,F,100,4.92
ACW,20140304,11:05:49.349,N,F,100,4.92
ACW,20140304,11:05:51.554,D,@,500,4.9101
ACW,20140304,11:05:51.649,T,@,100,4.91
ACW,20140304,11:05:51.650,T,@,100,4.91
ACW,20140304,11:05:51.654,P,@,100,4.91
ACW,20140304,11:08:42.528,N,@,100,4.91
ACW,20140304,11:08:42.530,D,@,100,4.91
ACW,20140304,11:09:15.022,N,F,100,4.91
ACW,20140304,11:09:15.056,Z,@,100,4.905
ACW,20140304,11:10:20.495,P,F I,41,4.9
ACW,20140304,11:10:20.495,P,F,100,4.9
ACW,20140304,11:10:20.495,B,F,100,4.9
ACW,20140304,11:10:20.495,X,F,100,4.9
ACW,20140304,11:10:20.496,K,F I,50,4.9
ACW,20140304,11:10:20.496,K,F,100,4.9
ACW,20140304,11:10:20.496,T,F,700,4.905
ACW,20140304,11:10:20.496,J,F,400,4.9
ACW,20140304,11:10:20.496,K,F,100,4.9
ACW,20140304,11:10:20.496,T,F,100,4.9
ACW,20140304,11:10:20.496,T,F,500,4.9
ACW,20140304,11:10:20.496,J,F,700,4.9
ACW,20140304,11:10:20.496,T,F,100,4.9
ACW,20140304,11:10:20.496,T,F,100,4.9
ACW,20140304,11:10:20.496,T,F,1200,4.9
ACW,20140304,11:10:20.497,T,F,500,4.9
ACW,20140304,11:10:20.497,J,F,300,4.9
ACW,20140304,11:10:20.497,T,F,100,4.9
ACW,20140304,11:10:20.497,T,F,200,4.9
ACW,20140304,11:10:20.498,T,F,100,4.89
ACW,20140304,11:10:20.500,D,@,100,4.895
ACW,20140304,11:10:20.501,Y,F,100,4.88
ACW,20140304,11:10:20.501,B,F,100,4.88
ACW,20140304,11:10:20.501,Y,F,100,4.88
ACW,20140304,11:10:20.501,J,F,100,4.88
ACW,20140304,11:10:20.502,T,F I,16,4.88
ACW,20140304,11:10:20.504,D,@,1000,4.905
ACW,20140304,11:10:20.505,D,@,100,4.905
ACW,20140304,11:10:20.507,T,@,200,4.88
ACW,20140304,11:10:20.507,T,@,200,4.88
ACW,20140304,11:10:20.508,T,@,100,4.88
ACW,20140304,11:10:20.508,T,@,500,4.88
ACW,20140304,11:10:20.511,D,@,100,4.905
ACW,20140304,11:10:20.513,N,F,995,4.9
ACW,20140304,11:10:20.514,N,F I,51,4.89
ACW,20140304,11:10:20.514,N,F,300,4.88
ACW,20140304,11:10:20.515,N,@,100,4.87
ACW,20140304,11:10:20.515,N,@,200,4.88
ACW,20140304,11:10:20.518,D,@,100,4.9025
ACW,20140304,11:10:20.528,D,I,50,4.905
ACW,20140304,11:10:22.853,P,@,100,4.88
ACW,20140304,11:10:22.854,N,@,100,4.88
ACW,20140304,11:10:37.853,N,@,200,4.88
ACW,20140304,11:10:37.965,P,@,100,4.88
ACW,20140304,11:10:53.853,N,@,200,4.88
ACW,20140304,11:11:14.908,N,@,200,4.88
ACW,20140304,11:12:18.892,N,@,100,4.88
ACW,20140304,11:12:18.901,D,@,100,4.88
ACW,20140304,11:12:39.892,T,@,100,4.88
ACW,20140304,11:12:39.894,N,@,100,4.88
ACW,20140304,11:12:39.912,D,@,100,4.88
ACW,20140304,11:12:41.904,N,@,100,4.88
ACW,20140304,11:12:43.901,T,@,100,4.88
ACW,20140304,11:12:43.903,N,@,100,4.88
ACW,20140304,11:12:45.902,T,@,100,4.88
ACW,20140304,11:12:45.904,N,@,100,4.88
ACW,20140304,11:12:47.926,T,@,100,4.88
ACW,20140304,11:12:47.928,N,@,100,4.88
ACW,20140304,11:12:49.932,N,@,100,4.88
ACW,20140304,11:12:51.935,T,@,100,4.88
ACW,20140304,11:12:51.935,Z,@,100,4.88
ACW,20140304,11:12:51.936,Z,@,300,4.88
ACW,20140304,11:12:51.937,N,@,100,4.88
ACW,20140304,11:12:53.106,N,F,100,4.88
ACW,20140304,11:12:53.961,Z,@,100,4.88
ACW,20140304,11:12:53.962,N,@,100,4.88
ACW,20140304,11:12:55.985,Z,@,100,4.88
ACW,20140304,11:12:55.985,T,@,100,4.88
ACW,20140304,11:12:55.987,N,@,100,4.88
ACW,20140304,11:12:57.991,Z,@,100,4.88
ACW,20140304,11:12:57.993,N,@,100,4.88
ACW,20140304,11:12:59.997,N,@,100,4.88
ACW,20140304,11:13:02.002,N,@,100,4.88
ACW,20140304,11:13:04.027,N,@,100,4.88
ACW,20140304,11:13:06.052,N,@,100,4.88
ACW,20140304,11:13:08.056,N,@,100,4.88
ACW,20140304,11:14:02.563,D,@,100,4.88
ACW,20140304,11:14:02.798,D,@,200,4.88
ACW,20140304,11:14:02.802,N,F,200,4.88
ACW,20140304,11:14:05.757,N,@,100,4.88
ACW,20140304,11:14:09.527,N,@,200,4.88
ACW,20140304,11:15:08.569,N,@,100,4.88
ACW,20140304,11:15:10.604,N,@,100,4.88
ACW,20140304,11:15:12.609,N,@,100,4.88
ACW,20140304,11:15:14.614,N,@,100,4.88
ACW,20140304,11:15:15.222,P,F,100,4.87
ACW,20140304,11:15:15.222,P,F,100,4.87
ACW,20140304,11:15:15.222,P,F,100,4.87
ACW,20140304,11:15:15.222,B,F,100,4.87
ACW,20140304,11:15:15.222,X,F,100,4.87
ACW,20140304,11:15:15.222,Z,F,100,4.88
ACW,20140304,11:15:15.222,J,F,100,4.87
ACW,20140304,11:15:15.222,K,F,100,4.87
ACW,20140304,11:15:15.222,T,F,200,4.88
ACW,20140304,11:15:15.223,T,F,100,4.87
ACW,20140304,11:15:15.223,T,F,100,4.87
ACW,20140304,11:15:15.223,T,@,100,4.88
ACW,20140304,11:15:15.244,N,@,100,4.88
ACW,20140304,11:15:15.244,N,F,1100,4.87
ACW,20140304,11:15:15.244,N,F,200,4.88
ACW,20140304,11:15:15.244,N,F I,47,4.87
ACW,20140304,11:15:15.276,C,F,100,4.87
ACW,20140304,11:15:15.963,D,@,157,4.87
ACW,20140304,11:15:17.718,D,@,300,4.88
ACW,20140304,11:15:18.646,N,@,100,4.89
ACW,20140304,11:15:22.602,D,@,400,4.8905
ACW,20140304,11:15:22.603,D,@,100,4.8905
ACW,20140304,11:15:22.603,D,@,100,4.895
ACW,20140304,11:15:22.631,D,@,400,4.895
ACW,20140304,11:15:31.049,N,@,100,4.9
ACW,20140304,11:16:01.031,T,@,100,4.9
ACW,20140304,11:16:01.031,K,@,100,4.9
ACW,20140304,11:16:01.089,N,@,100,4.9
ACW,20140304,11:16:01.555,Z,@,100,4.9
ACW,20140304,11:16:02.095,P,F,100,4.9
ACW,20140304,11:16:02.096,T,F,100,4.9
ACW,20140304,11:17:50.796,X,@,100,4.9
ACW,20140304,11:17:50.839,D,@,100,4.9
ACW,20140304,11:17:50.841,T,@,100,4.9
ACW,20140304,11:17:51.339,D,@,100,4.9
ACW,20140304,11:17:51.340,D,@,100,4.9
ACW,20140304,11:17:51.820,D,@,100,4.905
ACW,20140304,11:17:51.831,T,@,100,4.9
ACW,20140304,11:17:51.832,N,@,100,4.9
ACW,20140304,11:17:51.838,D,@,100,4.91
ACW,20140304,11:17:51.845,D,@,100,4.91
ACW,20140304,11:17:54.836,D,@,100,4.892
ACW,20140304,11:18:42.020,P,F,100,4.9
ACW,20140304,11:18:42.022,T,F,100,4.9
ACW,20140304,11:18:42.086,D,@,100,4.905
ACW,20140304,11:18:42.095,T,@,100,4.9
ACW,20140304,11:18:42.095,T,@,100,4.9
ACW,20140304,11:18:42.095,T,@,100,4.9
ACW,20140304,11:18:42.095,T,@,100,4.9
ACW,20140304,11:18:42.095,T,@,100,4.9
ACW,20140304,11:18:42.096,D,@,100,4.9
ACW,20140304,11:18:42.100,P,F,100,4.9
ACW,20140304,11:18:42.122,T,F,100,4.9
ACW,20140304,11:19:42.408,T,@,100,4.9
ACW,20140304,11:19:42.420,N,@,100,4.91
ACW,20140304,11:19:42.423,N,@,100,4.91
ACW,20140304,11:19:42.464,T,@,100,4.91
ACW,20140304,11:19:42.464,T,@,200,4.91
ACW,20140304,11:19:42.465,N,@,100,4.91
ACW,20140304,11:19:42.465,J,@,200,4.91
ACW,20140304,11:19:42.474,N,@,100,4.9
ACW,20140304,11:19:42.475,D,@,100,4.905
ACW,20140304,11:19:42.475,D,@,100,4.91
ACW,20140304,11:19:42.476,T,@,100,4.91
ACW,20140304,11:19:42.483,P,@,100,4.9
ACW,20140304,11:19:42.543,D,@,100,4.91
ACW,20140304,11:19:42.664,D,@,100,4.91
ACW,20140304,11:19:42.674,D,@,100,4.91
ACW,20140304,11:19:42.954,D,@,100,4.9
ACW,20140304,11:19:42.954,D,@,100,4.9
ACW,20140304,11:19:42.954,D,@,100,4.9
ACW,20140304,11:20:36.176,P,@,100,4.91
ACW,20140304,11:20:48.900,D,@,1742,4.9065
ACW,20140304,11:20:48.951,D,@,100,4.9
ACW,20140304,11:20:48.952,B,@,100,4.9
ACW,20140304,11:20:48.953,J,@,100,4.9
ACW,20140304,11:20:48.954,N,@,100,4.9
ACW,20140304,11:20:48.961,D,@,100,4.9
ACW,20140304,11:20:48.961,D,@,100,4.9
ACW,20140304,11:20:50.643,D,@,100,4.91
ACW,20140304,11:21:22.710,T,F I,91,4.91
ACW,20140304,11:21:34.013,T,I,9,4.91
ACW,20140304,11:21:34.033,N,I,91,4.92
ACW,20140304,11:21:34.224,D,@,1450,4.9183
ACW,20140304,11:21:34.272,D,@,100,4.91
ACW,20140304,11:23:25.636,Y,@,200,4.93
ACW,20140304,11:23:40.098,T,F,100,4.93
ACW,20140304,11:24:22.681,N,F,100,4.94
ACW,20140304,11:24:29.526,N,@,200,4.94
ACW,20140304,11:24:45.419,N,@,100,4.94
ACW,20140304,11:25:16.675,K,@,200,4.94
ACW,20140304,11:25:50.828,D,@,100,4.9399
ACW,20140304,11:25:50.893,D,@,100,4.9399
ACW,20140304,11:26:29.481,P,@,100,4.93
ACW,20140304,11:26:29.481,P,@,100,4.93
ACW,20140304,11:26:29.481,P,@,100,4.93
ACW,20140304,11:26:29.481,P,@,102,4.93
ACW,20140304,11:26:29.481,P,@,600,4.93
ACW,20140304,11:26:29.481,P,@,100,4.93
ACW,20140304,11:26:29.482,T,F,100,4.93
ACW,20140304,11:26:29.482,T,F,100,4.93
ACW,20140304,11:26:29.482,K,F,100,4.93
ACW,20140304,11:26:29.482,Z,F,200,4.93
ACW,20140304,11:26:29.482,N,F,200,4.93
ACW,20140304,11:26:29.518,C,@,100,4.93
ACW,20140304,11:26:35.936,P,@,100,4.92
ACW,20140304,11:26:35.936,P,I,46,4.92
ACW,20140304,11:26:35.937,T,F,500,4.92
ACW,20140304,11:26:35.937,B,@,100,4.92
ACW,20140304,11:26:35.937,T,F I,35,4.92
ACW,20140304,11:26:35.937,T,F,100,4.92
ACW,20140304,11:26:35.937,K,F,100,4.92
ACW,20140304,11:26:35.937,Z,I,46,4.92
ACW,20140304,11:26:35.937,K,@,100,4.92
ACW,20140304,11:26:35.937,Z,I,13,4.92
ACW,20140304,11:26:35.937,Z,I,46,4.92
ACW,20140304,11:26:35.938,N,@,100,4.92
ACW,20140304,11:26:35.938,N,F,516,4.92
ACW,20140304,11:26:35.939,N,F,384,4.92
ACW,20140304,11:26:35.941,T,F,200,4.92
ACW,20140304,11:26:39.290,N,@,100,4.92
ACW,20140304,11:26:40.774,J,F,600,4.93
ACW,20140304,11:28:56.673,K,@,200,4.93
ACW,20140304,11:29:17.522,K,@,100,4.93
ACW,20140304,11:29:36.624,K,@,100,4.93
ACW,20140304,11:29:44.780,K,@,100,4.93
ACW,20140304,11:29:45.260,D,@,100,4.94
ACW,20140304,11:30:00.861,P,@,100,4.93
ACW,20140304,11:30:00.863,T,F,100,4.93
ACW,20140304,11:30:00.863,T,F,100,4.93
ACW,20140304,11:30:00.863,N,F,100,4.93
ACW,20140304,11:30:00.863,J,F,100,4.93
ACW,20140304,11:30:08.137,P,@,100,4.92
ACW,20140304,11:30:08.139,Z,F,100,4.92
ACW,20140304,11:30:08.139,N,F,100,4.92
ACW,20140304,11:30:08.139,P,F I,68,4.92
ACW,20140304,11:30:08.187,P,I,30,4.91
ACW,20140304,11:30:08.187,N,@,100,4.91
ACW,20140304,11:30:30.374,N,F,100,4.91
ACW,20140304,11:30:48.970,N,@,100,4.92
ACW,20140304,11:30:51.614,D,@,200,4.929
ACW,20140304,11:30:51.617,D,@,200,4.929
ACW,20140304,11:30:52.580,D,@,200,4.929
ACW,20140304,11:30:53.133,D,@,1400,4.929
ACW,20140304,11:31:07.530,N,@,100,4.93
ACW,20140304,11:31:23.491,D,F I,31,4.93
ACW,20140304,11:31:23.495,D,@,100,4.925
ACW,20140304,11:31:59.659,D,F,169,4.93
ACW,20140304,11:33:54.678,T,@,100,4.94
ACW,20140304,11:33:54.678,K,@,100,4.94
ACW,20140304,11:33:54.678,K,@,100,4.94
ACW,20140304,11:33:54.679,K,F,600,4.94
ACW,20140304,11:33:55.073,Y,@,200,4.97
ACW,20140304,11:33:57.358,N,@,359,4.97
ACW,20140304,11:35:41.137,P,@,200,4.97
ACW,20140304,11:35:41.137,P,@,100,4.97
ACW,20140304,11:35:41.138,N,F,200,4.97
ACW,20140304,11:35:41.164,T,F,100,4.97
ACW,20140304,11:35:41.165,B,F,100,4.97
ACW,20140304,11:35:41.165,Z,F,100,4.97
ACW,20140304,11:35:41.169,D,F,100,4.97
ACW,20140304,11:35:41.174,D,@,100,4.97
ACW,20140304,11:35:41.179,D,F,100,4.97
ACW,20140304,11:35:41.376,D,@,100,4.97
ACW,20140304,11:35:47.120,N,F,140,4.96
ACW,20140304,11:35:47.148,Z,I,64,4.96
ACW,20140304,11:35:47.148,Z,I,30,4.96
ACW,20140304,11:35:47.157,D,I,4,4.96
ACW,20140304,11:35:49.762,D,@,100,4.96
ACW,20140304,11:35:53.478,N,F,225,4.95
ACW,20140304,11:35:53.504,K,F,100,4.95
ACW,20140304,11:35:53.716,D,@,100,4.95
ACW,20140304,11:35:58.230,N,@,100,4.95
ACW,20140304,11:35:58.239,N,@,100,4.95
ACW,20140304,11:36:22.131,P,@,100,4.95
ACW,20140304,11:36:22.132,N,F,800,4.95
ACW,20140304,11:36:22.158,T,F,300,4.95
ACW,20140304,11:36:22.158,B,F,100,4.95
ACW,20140304,11:36:22.159,K,F,400,4.95
ACW,20140304,11:36:22.161,D,@,200,4.96
ACW,20140304,11:36:22.202,N,@,100,4.94
ACW,20140304,11:36:22.202,N,@,400,4.95
ACW,20140304,11:36:22.209,T,F,100,4.95
ACW,20140304,11:36:24.139,N,@,100,4.94
ACW,20140304,11:36:55.943,N,@,100,4.94
ACW,20140304,11:37:06.367,N,F,100,4.94
ACW,20140304,11:37:44.840,N,@,100,4.95
ACW,20140304,11:37:53.787,N,F,200,4.94
ACW,20140304,11:37:53.789,B,F,100,4.94
ACW,20140304,11:37:53.789,T,F,100,4.94
ACW,20140304,11:37:54.370,N,I,40,4.93
ACW,20140304,11:37:54.371,T,I,40,4.93
ACW,20140304,11:39:36.455,N,@,100,4.95
ACW,20140304,11:40:16.172,P,@,100,4.95
ACW,20140304,11:40:16.173,T,F,100,4.95
ACW,20140304,11:40:16.174,K,F,100,4.95
ACW,20140304,11:40:16.174,N,F,300,4.95
ACW,20140304,11:40:16.174,K,F,100,4.95
ACW,20140304,11:40:16.176,K,F,100,4.95
ACW,20140304,11:40:20.230,T,F,100,4.94
ACW,20140304,11:41:28.075,J,@,100,4.96
ACW,20140304,11:41:55.999,P,@,500,4.94
ACW,20140304,11:41:55.999,P,@,200,4.94
ACW,20140304,11:41:55.999,N,F,200,4.94
ACW,20140304,11:41:56.001,T,@,100,4.94
ACW,20140304,11:41:56.234,D,@,100,4.94
ACW,20140304,11:43:07.885,D,@,800,4.9499
ACW,20140304,11:43:07.886,D,@,200,4.9499
ACW,20140304,11:43:19.697,P,@,100,4.95
ACW,20140304,11:43:19.700,N,@,100,4.95
ACW,20140304,11:43:25.613,P,@,100,4.95
ACW,20140304,11:43:25.614,P,F,200,4.95
ACW,20140304,11:43:25.615,N,F,100,4.95
ACW,20140304,11:43:43.017,P,@,100,4.95
ACW,20140304,11:45:09.240,P,@,700,4.94
ACW,20140304,11:45:09.240,P,@,100,4.94
ACW,20140304,11:45:09.241,P,@,100,4.94
ACW,20140304,11:45:09.241,B,F,100,4.94
ACW,20140304,11:45:09.242,K,F,200,4.94
ACW,20140304,11:45:09.242,N,F,700,4.94
ACW,20140304,11:45:09.335,P,@,4100,4.94
ACW,20140304,11:45:10.765,Z,@,100,4.94
ACW,20140304,11:45:21.420,P,@,100,4.93
ACW,20140304,11:45:21.420,P,@,100,4.93
ACW,20140304,11:45:21.421,N,F,213,4.93
ACW,20140304,11:45:21.425,D,I,87,4.93
ACW,20140304,11:45:24.365,N,@,100,4.94
ACW,20140304,11:45:37.721,J,F,100,4.94
ACW,20140304,11:45:37.721,N,F,100,4.94
ACW,20140304,11:45:51.823,P,@,100,4.94
ACW,20140304,11:46:02.120,N,F,217,4.93
ACW,20140304,11:46:02.122,D,@,1200,4.931
ACW,20140304,11:46:02.130,P,F,100,4.93
ACW,20140304,11:46:02.130,P,F,100,4.93
ACW,20140304,11:46:02.142,N,@,100,4.933
ACW,20140304,11:46:02.156,T,F,100,4.93
ACW,20140304,11:46:02.208,Z,I,21,4.93
ACW,20140304,11:46:02.208,Z,I,32,4.93
ACW,20140304,11:46:02.312,D,@,100,4.93
ACW,20140304,11:46:06.373,P,F,100,4.93
ACW,20140304,11:46:06.373,T,F,100,4.93
ACW,20140304,11:46:06.373,K,F,800,4.93
ACW,20140304,11:46:06.373,K,@,200,4.93
ACW,20140304,11:46:06.373,T,F,100,4.93
ACW,20140304,11:46:06.373,N,F,100,4.93
ACW,20140304,11:46:06.379,K,F,100,4.93
ACW,20140304,11:46:06.502,D,@,100,4.93
ACW,20140304,11:46:36.882,N,@,100,4.93
ACW,20140304,11:47:01.866,N,@,100,4.93
ACW,20140304,11:47:27.900,N,@,100,4.93
ACW,20140304,11:47:36.883,N,@,100,4.93
ACW,20140304,11:48:52.092,K,F,100,4.93
ACW,20140304,11:48:55.231,K,@,200,4.93
ACW,20140304,11:50:19.560,D,@,500,4.92
ACW,20140304,11:50:48.602,K,@,200,4.93
ACW,20140304,11:52:41.974,K,@,100,4.93
ACW,20140304,11:52:41.977,D,@,100,4.93
ACW,20140304,11:54:40.827,K,@,100,4.93
ACW,20140304,11:54:40.830,D,@,100,4.93
ACW,20140304,11:54:42.692,K,F,100,4.93
ACW,20140304,11:54:43.045,K,@,100,4.93
ACW,20140304,11:54:43.058,N,F,100,4.94
ACW,20140304,11:54:43.064,D,I,30,4.93
ACW,20140304,11:54:45.307,T,F,100,4.94
ACW,20140304,11:54:45.308,J,@,100,4.94
ACW,20140304,11:54:45.309,N,F,100,4.94
ACW,20140304,11:54:45.318,D,@,100,4.94
ACW,20140304,11:55:30.887,N,F,100,4.94
ACW,20140304,11:55:30.889,N,F,100,4.94
ACW,20140304,11:55:30.891,N,F,100,4.94
ACW,20140304,11:56:15.816,N,F,100,4.94
ACW,20140304,11:56:18.675,D,@,300,4.94
ACW,20140304,11:56:29.677,D,@,100,4.94
ACW,20140304,11:56:39.676,D,@,100,4.94
ACW,20140304,11:57:15.428,P,I,43,4.93
ACW,20140304,11:57:25.738,N,F,1100,4.93
ACW,20140304,11:57:25.834,N,F,100,4.94
ACW,20140304,11:57:35.973,P,@,300,4.93
ACW,20140304,11:57:35.974,K,F I,80,4.93
ACW,20140304,11:57:35.974,K,F,200,4.93
ACW,20140304,11:57:35.974,K,F,120,4.93
ACW,20140304,11:57:35.974,N,F,300,4.93
ACW,20140304,11:58:10.850,K,I,80,4.93
ACW,20140304,11:58:16.644,D,@,100,4.94
ACW,20140304,11:58:20.295,K,I,80,4.94
ACW,20140304,11:58:34.780,N,@,100,4.94
ACW,20140304,11:58:34.788,D,@,100,4.94
ACW,20140304,11:58:38.531,D,@,200,4.94
ACW,20140304,11:59:26.572,D,@,100,4.94
ACW,20140304,11:59:40.011,D,@,100,4.94
ACW,20140304,11:59:42.516,D,@,100,4.94
ACW,20140304,11:59:48.415,K,@,100,4.94
ACW,20140304,11:59:59.890,K,@,100,4.94
ACW,20140304,12:01:12.815,T,@,1000,4.94
ACW,20140304,12:01:12.815,P,@,100,4.94
ACW,20140304,12:01:12.815,T,@,100,4.94
ACW,20140304,12:01:12.815,P,@,100,4.94
ACW,20140304,12:01:12.815,T,@,100,4.94
ACW,20140304,12:01:12.815,T,@,900,4.94
ACW,20140304,12:01:12.815,T,@,100,4.95
ACW,20140304,12:01:12.816,Z,@,200,4.94
ACW,20140304,12:01:12.816,Y,@,200,4.94
ACW,20140304,12:01:12.816,J,@,100,4.94
ACW,20140304,12:01:12.816,T,F,100,4.94
ACW,20140304,12:01:12.816,J,@,100,4.94
ACW,20140304,12:01:12.816,T,F,100,4.94
ACW,20140304,12:01:12.816,T,F,100,4.94
ACW,20140304,12:01:12.816,T,@,100,4.94
ACW,20140304,12:01:12.816,N,@,200,4.95
ACW,20140304,12:01:12.816,K,@,100,4.94
ACW,20140304,12:01:12.817,Z,@,200,4.945
ACW,20140304,12:01:12.817,D,@,200,4.94
ACW,20140304,12:01:12.818,D,@,200,4.94
ACW,20140304,12:01:12.819,N,F,100,4.94
ACW,20140304,12:01:12.820,P,@,200,4.94
ACW,20140304,12:01:12.820,P,@,100,4.95
ACW,20140304,12:01:12.820,P,@,400,4.95
ACW,20140304,12:01:12.820,Z,@,400,4.94
ACW,20140304,12:01:12.820,P,F,100,4.94
ACW,20140304,12:01:12.821,Z,@,100,4.94
ACW,20140304,12:01:12.821,Z,@,900,4.94
ACW,20140304,12:01:12.821,Z,@,100,4.94
ACW,20140304,12:01:12.821,T,F,200,4.94
ACW,20140304,12:01:12.821,T,F,100,4.94
ACW,20140304,12:01:12.822,D,@,200,4.95
ACW,20140304,12:01:12.823,D,@,200,4.94
ACW,20140304,12:01:12.824,D,@,200,4.94
ACW,20140304,12:01:12.825,D,@,200,4.95
ACW,20140304,12:01:12.849,T,@,100,4.95
ACW,20140304,12:01:12.849,T,F,100,4.94
ACW,20140304,12:01:12.849,Z,@,200,4.94
ACW,20140304,12:01:12.868,D,@,100,4.94
ACW,20140304,12:01:12.885,D,@,125,4.94
ACW,20140304,12:01:13.000,T,I,26,4.95
ACW,20140304,12:01:13.731,D,@,165,4.9499
ACW,20140304,12:01:13.733,D,I,45,4.9499
ACW,20140304,12:01:15.614,K,@,100,4.93
ACW,20140304,12:01:18.922,N,F,100,4.94
ACW,20140304,12:01:18.924,N,F,100,4.94
ACW,20140304,12:01:59.806,D,@,100,4.94
ACW,20140304,12:03:09.110,N,F,100,4.95
ACW,20140304,12:03:22.950,J,@,100,4.94
ACW,20140304,12:03:35.042,J,F,100,4.94
ACW,20140304,12:04:05.358,D,@,100,4.94
ACW,20140304,12:04:09.629,D,@,100,4.94
ACW,20140304,12:04:20.044,J,@,100,4.94
ACW,20140304,12:04:20.045,N,F,100,4.94
ACW,20140304,12:04:35.452,D,@,100,4.94
ACW,20140304,12:05:05.540,D,@,100,4.94
ACW,20140304,12:05:35.600,N,F,100,4.95
ACW,20140304,12:05:35.602,J,@,100,4.94
ACW,20140304,12:05:35.603,N,F,100,4.94
ACW,20140304,12:06:05.666,N,F,100,4.95
ACW,20140304,12:06:05.668,J,@,100,4.94
ACW,20140304,12:06:05.669,N,F,100,4.94
ACW,20140304,12:06:19.455,D,@,200,4.94
ACW,20140304,12:06:33.908,D,@,200,4.9302
ACW,20140304,12:06:35.744,Y,F,100,4.95
ACW,20140304,12:07:02.063,D,@,100,4.94
ACW,20140304,12:07:02.064,D,@,100,4.94
ACW,20140304,12:07:02.069,D,@,200,4.94
ACW,20140304,12:07:02.070,D,@,100,4.94
ACW,20140304,12:07:05.821,N,F,100,4.95
ACW,20140304,12:07:05.823,J,@,100,4.94
ACW,20140304,12:07:05.825,N,F,100,4.94
ACW,20140304,12:07:28.222,D,@,300,4.945
ACW,20140304,12:07:28.224,D,@,300,4.94
ACW,20140304,12:07:28.228,D,@,200,4.94
ACW,20140304,12:07:28.228,D,@,100,4.94
ACW,20140304,12:07:28.229,D,@,300,4.95
ACW,20140304,12:07:35.284,D,@,300,4.945
ACW,20140304,12:07:35.285,D,@,300,4.94
ACW,20140304,12:07:35.289,D,@,200,4.94
ACW,20140304,12:07:35.291,D,@,100,4.95
ACW,20140304,12:07:35.291,D,@,100,4.95
ACW,20140304,12:07:35.887,T,F,100,4.94
ACW,20140304,12:07:54.048,D,@,500,4.9458
ACW,20140304,12:08:05.954,J,F,100,4.94
ACW,20140304,12:08:16.630,D,@,100,4.94
ACW,20140304,12:08:20.994,J,F,100,4.94
ACW,20140304,12:08:29.270,D,@,200,4.94
ACW,20140304,12:08:36.033,J,F,100,4.94
ACW,20140304,12:08:36.115,P,F I,35,4.94
ACW,20140304,12:09:06.099,J,F,100,4.94
ACW,20140304,12:09:21.135,J,F,100,4.94
ACW,20140304,12:09:51.227,J,F,100,4.94
ACW,20140304,12:10:06.263,J,F,100,4.94
ACW,20140304,12:10:18.103,J,F,100,4.94
ACW,20140304,12:10:36.356,J,F,100,4.94
ACW,20140304,12:10:46.254,D,@,200,4.94
ACW,20140304,12:10:51.390,J,F,100,4.94
ACW,20140304,12:11:21.458,J,F,100,4.94
ACW,20140304,12:11:36.524,J,F,100,4.94
ACW,20140304,12:11:45.752,D,@,400,4.94
ACW,20140304,12:11:45.752,D,@,200,4.94
ACW,20140304,12:11:45.759,D,@,100,4.94
ACW,20140304,12:11:45.768,D,@,2000,4.94
ACW,20140304,12:11:45.964,D,I,56,4.95
ACW,20140304,12:11:46.066,J,F I,56,4.95
ACW,20140304,12:11:51.531,J,F,100,4.95
ACW,20140304,12:11:53.438,D,@,100,4.94
ACW,20140304,12:11:56.083,D,@,100,4.9447
ACW,20140304,12:11:56.116,D,@,100,4.94
ACW,20140304,12:11:56.134,D,@,100,4.94
ACW,20140304,12:11:56.154,D,@,100,4.94
ACW,20140304,12:12:21.609,J,F,100,4.95
ACW,20140304,12:12:22.810,T,@,100,4.95
ACW,20140304,12:12:22.810,N,@,100,4.95
ACW,20140304,12:12:32.545,K,F,100,4.95
ACW,20140304,12:12:36.672,N,F,100,4.96
ACW,20140304,12:12:36.678,N,F I,34,4.96
ACW,20140304,12:12:36.695,D,I,29,4.95
ACW,20140304,12:12:36.696,N,I,66,4.96
ACW,20140304,12:12:51.720,D,@,100,4.965
ACW,20140304,12:12:51.743,N,F I,36,4.97
ACW,20140304,12:12:51.915,D,@,100,4.97
ACW,20140304,12:13:03.240,N,@,200,4.98
ACW,20140304,12:13:03.242,J,@,100,4.97
ACW,20140304,12:13:03.266,T,@,100,4.97
ACW,20140304,12:13:03.267,N,@,100,4.97
ACW,20140304,12:13:06.730,N,F,100,4.98
ACW,20140304,12:13:21.777,J,F,100,4.97
ACW,20140304,12:13:39.888,J,@,100,4.97
ACW,20140304,12:13:39.888,J,@,100,4.97
ACW,20140304,12:13:51.881,J,F,100,4.975
ACW,20140304,12:13:52.032,D,@,200,4.97
ACW,20140304,12:13:57.102,D,@,100,4.98
ACW,20140304,12:14:06.895,K,F,100,4.98
ACW,20140304,12:14:21.928,K,F,100,4.98
ACW,20140304,12:14:25.010,K,@,300,4.98
ACW,20140304,12:14:37.098,D,@,200,4.974
ACW,20140304,12:14:37.098,D,@,800,4.974
ACW,20140304,12:14:49.462,D,F,100,4.98
ACW,20140304,12:14:52.009,N,F,100,4.99
ACW,20140304,12:14:57.685,Z,F,100,4.99
ACW,20140304,12:14:57.686,J,F,100,4.99
ACW,20140304,12:15:07.034,Z,F,100,4.99
ACW,20140304,12:15:09.401,N,F I,41,5
ACW,20140304,12:15:26.669,N,@,200,5
ACW,20140304,12:15:36.703,K,@,1000,5
ACW,20140304,12:15:36.704,K,@,1000,5
ACW,20140304,12:15:36.704,K,@,2000,5
ACW,20140304,12:15:36.705,N,@,159,5
ACW,20140304,12:15:36.706,T,@,300,5
ACW,20140304,12:15:36.760,N,@,500,5.01
ACW,20140304,12:15:36.760,N,@,300,5.02
ACW,20140304,12:15:36.760,N,F,200,5.03
ACW,20140304,12:15:36.760,N,F,300,5.05
ACW,20140304,12:15:36.761,T,F,200,5.01
ACW,20140304,12:15:36.762,Y,F,100,5.04
ACW,20140304,12:15:36.765,D,F,100,5.04
ACW,20140304,12:15:36.767,Y,F,100,5.02
ACW,20140304,12:15:36.771,J,F,100,5.03
ACW,20140304,12:15:36.813,D,@,700,5.02
ACW,20140304,12:15:36.938,D,@,100,5.02
ACW,20140304,12:15:40.895,P,@,100,5.02
ACW,20140304,12:15:42.184,N,F,200,5.01
ACW,20140304,12:15:42.211,B,F,100,5.01
ACW,20140304,12:15:42.211,J,F,100,5.01
ACW,20140304,12:15:42.211,J,F,100,5.01
ACW,20140304,12:15:44.288,P,F,100,5
ACW,20140304,12:15:44.289,N,F,2000,5
ACW,20140304,12:15:47.324,X,F,100,4.99
ACW,20140304,12:15:49.314,T,F,100,4.99
ACW,20140304,12:15:49.314,X,F,100,4.99
ACW,20140304,12:15:49.314,Z,@,100,4.99
ACW,20140304,12:15:49.315,J,@,100,4.99
ACW,20140304,12:15:49.315,N,@,100,4.99
ACW,20140304,12:15:49.316,N,F,300,4.99
ACW,20140304,12:15:49.317,T,F,100,4.99
ACW,20140304,12:15:49.317,T,F,100,4.99
ACW,20140304,12:15:49.318,T,F,100,4.99
ACW,20140304,12:15:49.319,T,F,100,4.99
ACW,20140304,12:15:51.668,N,@,100,5
ACW,20140304,12:16:01.151,P,@,100,4.99
ACW,20140304,12:16:01.152,T,@,100,4.99
ACW,20140304,12:16:01.152,N,F,100,4.99
ACW,20140304,12:16:03.107,N,@,100,4.98
ACW,20140304,12:16:03.108,T,F,100,4.98
ACW,20140304,12:16:03.108,T,F,100,4.98
ACW,20140304,12:16:03.108,T,F,200,4.98
ACW,20140304,12:16:03.108,T,F I,34,4.98
ACW,20140304,12:16:03.871,T,F,100,4.97
ACW,20140304,12:16:03.871,B,F,100,4.97
ACW,20140304,12:16:03.871,T,F,100,4.97
ACW,20140304,12:16:03.871,Z,F I,82,4.97
ACW,20140304,12:16:03.872,Z,F I,18,4.97
ACW,20140304,12:16:03.872,P,F,100,4.97
ACW,20140304,12:16:03.873,N,F,300,4.97
ACW,20140304,12:16:03.874,T,F I,82,4.97
ACW,20140304,12:16:03.874,N,@,100,4.97
ACW,20140304,12:16:06.979,N,@,100,4.98
ACW,20140304,12:16:06.980,T,F,100,4.98
ACW,20140304,12:16:07.129,N,F,100,4.98
ACW,20140304,12:16:18.450,P,F,100,4.97
ACW,20140304,12:16:18.450,N,@,200,4.97
ACW,20140304,12:16:18.450,T,F,100,4.97
ACW,20140304,12:16:18.451,T,@,100,4.97
ACW,20140304,12:16:18.451,N,@,100,4.97
ACW,20140304,12:16:18.527,N,@,100,4.96
ACW,20140304,12:16:19.629,D,@,220,4.965
ACW,20140304,12:16:22.490,N,@,100,4.98
ACW,20140304,12:16:39.259,N,@,100,4.97
ACW,20140304,12:16:39.260,T,@,100,4.98
ACW,20140304,12:16:41.176,N,@,100,4.98
ACW,20140304,12:16:55.014,J,@,700,4.97
ACW,20140304,12:16:55.014,J,@,100,4.97
ACW,20140304,12:16:55.039,N,F,100,4.97
ACW,20140304,12:16:55.798,N,@,100,4.98
ACW,20140304,12:17:09.195,N,F,100,4.97
ACW,20140304,12:17:11.678,N,@,100,4.98
ACW,20140304,12:17:27.678,N,@,300,4.98
ACW,20140304,12:17:27.678,N,@,200,4.99
ACW,20140304,12:17:29.297,J,@,700,4.97
ACW,20140304,12:17:29.297,J,@,500,4.97
ACW,20140304,12:17:29.319,N,F,100,4.97
ACW,20140304,12:17:36.356,D,@,1000,4.9897
ACW,20140304,12:17:36.407,D,@,100,4.97
ACW,20140304,12:17:37.542,D,@,200,4.972
ACW,20140304,12:17:38.619,D,@,800,4.97
ACW,20140304,12:17:42.091,D,@,300,4.972
ACW,20140304,12:17:50.091,D,@,100,4.98
ACW,20140304,12:18:29.342,Z,F,600,4.97
ACW,20140304,12:18:29.342,K,F,100,4.97
ACW,20140304,12:18:29.342,B,F,100,4.97
ACW,20140304,12:18:29.343,N,F,100,4.97
ACW,20140304,12:18:29.344,T,@,100,4.97
ACW,20140304,12:18:29.344,T,@,100,4.97
ACW,20140304,12:18:29.356,T,F,100,4.97
ACW,20140304,12:18:29.356,T,F,200,4.97
ACW,20140304,12:18:32.314,N,@,100,4.98
ACW,20140304,12:18:32.318,D,@,100,4.97
ACW,20140304,12:18:32.322,B,@,100,4.97
ACW,20140304,12:18:37.779,D,@,100,4.97
ACW,20140304,12:18:37.823,X,F,100,4.97
ACW,20140304,12:18:37.823,T,F,100,4.97
ACW,20140304,12:18:37.823,T,F,200,4.97
ACW,20140304,12:18:37.823,T,F,800,4.97
ACW,20140304,12:18:37.823,T,F,100,4.97
ACW,20140304,12:18:37.823,N,F,100,4.97
ACW,20140304,12:18:45.651,T,F,100,4.97
ACW,20140304,12:18:45.652,N,F,100,4.97
ACW,20140304,12:18:45.656,D,@,100,4.97
ACW,20140304,12:18:45.826,D,@,100,4.97
ACW,20140304,12:18:55.137,J,@,100,4.97
ACW,20140304,12:18:55.159,T,F,100,4.97
ACW,20140304,12:18:55.159,K,F,200,4.97
ACW,20140304,12:19:11.940,K,@,100,4.97
ACW,20140304,12:19:42.941,D,F,100,4.96
ACW,20140304,12:19:42.945,P,F I,47,4.96
ACW,20140304,12:19:42.945,Y,F,500,4.96
ACW,20140304,12:19:42.945,Y,F,700,4.96
ACW,20140304,12:19:42.945,P,F,100,4.96
ACW,20140304,12:19:42.945,X,F,100,4.96
ACW,20140304,12:19:42.945,K,F,100,4.96
ACW,20140304,12:19:42.945,T,F,100,4.96
ACW,20140304,12:19:42.945,T,F,200,4.96
ACW,20140304,12:19:42.945,T,F I,32,4.96
ACW,20140304,12:19:42.945,T,F I,49,4.96
ACW,20140304,12:19:42.945,T,F,100,4.96
ACW,20140304,12:19:42.945,T,F,100,4.96
ACW,20140304,12:19:42.946,N,F,300,4.96
ACW,20140304,12:19:46.734,T,F,100,4.95
ACW,20140304,12:19:46.734,T,F,100,4.95
ACW,20140304,12:19:46.734,T,F,100,4.95
ACW,20140304,12:19:46.797,N,@,100,4.95
ACW,20140304,12:19:46.801,J,@,100,4.95
ACW,20140304,12:19:46.801,J,@,200,4.95
ACW,20140304,12:19:53.631,T,@,100,4.95
ACW,20140304,12:20:18.957,D,@,100,4.96
ACW,20140304,12:20:52.194,N,@,100,4.95
ACW,20140304,12:21:18.910,N,@,100,4.96
ACW,20140304,12:22:22.415,B,@,100,4.96
ACW,20140304,12:22:22.415,N,@,100,4.96
ACW,20140304,12:22:22.416,N,F,100,4.96
ACW,20140304,12:22:23.443,N,@,100,4.96
ACW,20140304,12:22:44.858,D,@,300,4.95
ACW,20140304,12:22:45.011,D,@,100,4.95
ACW,20140304,12:22:45.022,D,@,200,4.952
ACW,20140304,12:22:45.047,J,@,100,4.95
ACW,20140304,12:22:45.070,P,F,100,4.95
ACW,20140304,12:22:45.070,Z,F,100,4.95
ACW,20140304,12:22:45.070,X,F,100,4.95
ACW,20140304,12:22:45.070,T,F,100,4.95
ACW,20140304,12:22:45.070,T,F,100,4.95
ACW,20140304,12:22:45.071,N,F,100,4.95
ACW,20140304,12:22:45.071,D,@,300,4.95
ACW,20140304,12:22:45.072,T,@,100,4.95
ACW,20140304,12:22:45.072,T,@,100,4.95
ACW,20140304,12:22:45.164,P,F,100,4.95
ACW,20140304,12:22:47.793,J,@,100,4.96
ACW,20140304,12:23:14.853,N,@,900,4.941
ACW,20140304,12:23:14.883,D,@,600,4.941
ACW,20140304,12:23:14.886,D,@,500,4.941
ACW,20140304,12:23:14.897,D,@,1000,4.944
ACW,20140304,12:23:18.273,K,@,100,4.94
ACW,20140304,12:23:18.340,N,@,200,4.94
ACW,20140304,12:23:18.376,N,@,100,4.94
ACW,20140304,12:24:26.223,N,@,100,4.95
ACW,20140304,12:24:26.225,J,@,100,4.95
ACW,20140304,12:24:26.225,T,@,100,4.95
ACW,20140304,12:24:26.389,N,@,100,4.95
ACW,20140304,12:24:44.524,J,@,100,4.94
ACW,20140304,12:24:44.524,J,@,100,4.94
ACW,20140304,12:24:44.543,D,@,100,4.94
ACW,20140304,12:24:44.544,D,@,100,4.94
ACW,20140304,12:24:44.546,X,F,100,4.94
ACW,20140304,12:24:44.546,T,F,200,4.94
ACW,20140304,12:24:44.546,T,F,1100,4.94
ACW,20140304,12:24:44.546,T,F,100,4.94
ACW,20140304,12:24:44.546,T,F,100,4.94
ACW,20140304,12:24:44.546,N,F,100,4.94
ACW,20140304,12:24:44.550,N,@,100,4.94
ACW,20140304,12:25:00.222,N,@,100,4.94
ACW,20140304,12:25:19.812,P,@,100,4.94
ACW,20140304,12:25:20.727,D,@,100,4.94
ACW,20140304,12:25:58.708,J,@,100,4.94
ACW,20140304,12:25:58.708,T,@,100,4.94
ACW,20140304,12:25:58.711,D,@,100,4.94
ACW,20140304,12:25:58.755,D,@,100,4.94
ACW,20140304,12:27:47.347,D,@,200,4.94
ACW,20140304,12:27:53.641,D,@,100,4.94
ACW,20140304,12:28:05.253,P,@,100,4.94
ACW,20140304,12:28:52.277,D,@,100,4.94
ACW,20140304,12:29:09.676,N,@,100,4.94
ACW,20140304,12:29:29.813,D,@,100,4.94
ACW,20140304,12:29:38.509,D,@,100,4.94
ACW,20140304,12:29:46.578,D,@,100,4.94
ACW,20140304,12:30:05.059,Z,@,100,4.94
ACW,20140304,12:30:26.170,D,@,100,4.931
ACW,20140304,12:30:26.816,D,@,400,4.931
ACW,20140304,12:31:56.150,Z,@,100,4.94
ACW,20140304,12:31:56.634,J,@,100,4.93
ACW,20140304,12:31:56.662,D,F,100,4.93
ACW,20140304,12:31:56.663,Z,F I,92,4.93
ACW,20140304,12:31:56.663,P,F I,33,4.93
ACW,20140304,12:31:56.663,Z,F,200,4.93
ACW,20140304,12:31:56.663,P,F,100,4.93
ACW,20140304,12:31:56.663,P,F,100,4.93
ACW,20140304,12:31:56.663,K,F,100,4.93
ACW,20140304,12:31:56.663,K,F,200,4.93
ACW,20140304,12:31:56.663,B,F,100,4.93
ACW,20140304,12:31:56.663,K,F,200,4.93
ACW,20140304,12:31:56.663,X,F,100,4.93
ACW,20140304,12:31:56.663,T,F,100,4.93
ACW,20140304,12:31:56.663,T,F I,48,4.93
ACW,20140304,12:31:56.663,T,F,200,4.93
ACW,20140304,12:31:56.663,T,F,200,4.93
ACW,20140304,12:31:56.664,T,F,100,4.93
ACW,20140304,12:31:56.664,N,F,121,4.93
ACW,20140304,12:31:56.664,T,F,300,4.93
ACW,20140304,12:31:56.664,T,F,100,4.93
ACW,20140304,12:31:56.664,T,F,100,4.93
ACW,20140304,12:31:56.984,N,@,400,4.92
ACW,20140304,12:31:56.986,N,F,200,4.92
ACW,20140304,12:32:45.957,N,@,100,4.93
ACW,20140304,12:34:22.379,B,@,100,4.92
ACW,20140304,12:34:22.380,X,@,100,4.92
ACW,20140304,12:34:22.380,N,@,200,4.92
ACW,20140304,12:34:22.380,P,I,1,4.92
ACW,20140304,12:34:22.380,T,F,100,4.92
ACW,20140304,12:34:22.380,P,@,100,4.92
ACW,20140304,12:34:22.380,P,I,99,4.92
ACW,20140304,12:34:22.381,T,F,200,4.92
ACW,20140304,12:34:22.381,P,I,1,4.92
ACW,20140304,12:34:22.381,T,F,200,4.92
ACW,20140304,12:34:22.381,T,F,100,4.92
ACW,20140304,12:34:22.381,J,@,100,4.92
ACW,20140304,12:34:22.381,N,I,9,4.92
ACW,20140304,12:35:25.361,D,@,100,4.91
ACW,20140304,12:35:25.382,P,I,12,4.91
ACW,20140304,12:35:25.382,T,I,27,4.91
ACW,20140304,12:35:25.382,T,@,100,4.91
ACW,20140304,12:35:25.382,N,@,195,4.91
ACW,20140304,12:35:30.007,T,F,100,4.9
ACW,20140304,12:35:30.181,N,@,100,4.88
ACW,20140304,12:35:30.184,N,@,100,4.88
ACW,20140304,12:35:30.184,T,F,100,4.88
ACW,20140304,12:35:30.185,J,F,100,4.88
ACW,20140304,12:35:30.189,N,@,100,4.89
ACW,20140304,12:35:30.190,T,F,100,4.89
ACW,20140304,12:36:15.414,N,@,100,4.89
ACW,20140304,12:36:25.962,D,@,300,4.8868
ACW,20140304,12:36:39.209,N,I,59,4.88
ACW,20140304,12:37:11.548,D,@,100,4.88
ACW,20140304,12:37:11.551,P,F,100,4.88
ACW,20140304,12:37:11.551,T,F,100,4.88
ACW,20140304,12:37:11.552,X,F,100,4.88
ACW,20140304,12:37:11.552,K,F,200,4.88
ACW,20140304,12:37:11.552,N,F,200,4.88
ACW,20140304,12:37:11.595,N,@,100,4.87
ACW,20140304,12:37:30.447,N,@,100,4.87
ACW,20140304,12:37:50.902,D,@,100,4.8773
ACW,20140304,12:37:50.904,N,@,100,4.88
ACW,20140304,12:37:50.905,T,@,100,4.88
ACW,20140304,12:37:50.943,D,@,100,4.884
ACW,20140304,12:37:50.952,D,@,100,4.885
ACW,20140304,12:37:50.962,D,@,100,4.885
ACW,20140304,12:38:13.368,P,@,100,4.89
ACW,20140304,12:38:20.519,N,@,200,4.899
ACW,20140304,12:38:20.522,D,@,100,4.9
ACW,20140304,12:38:20.523,D,@,100,4.888
ACW,20140304,12:38:20.525,D,@,800,4.9
ACW,20140304,12:38:20.526,D,@,300,4.8999
ACW,20140304,12:38:20.526,D,@,100,4.8997
ACW,20140304,12:38:20.526,D,@,100,4.89
ACW,20140304,12:38:20.536,D,@,100,4.8999
ACW,20140304,12:38:20.544,D,@,100,4.89
ACW,20140304,12:38:20.546,D,@,100,4.8999
ACW,20140304,12:38:20.546,D,@,100,4.89
ACW,20140304,12:38:20.546,D,@,100,4.8999
ACW,20140304,12:38:20.560,D,@,900,4.9
ACW,20140304,12:38:20.568,D,@,100,4.885
ACW,20140304,12:38:20.655,D,@,100,4.9
ACW,20140304,12:38:20.657,D,@,100,4.9
ACW,20140304,12:38:20.676,D,@,100,4.89
ACW,20140304,12:38:20.676,D,@,100,4.89
ACW,20140304,12:38:20.696,D,@,100,4.89
ACW,20140304,12:38:20.696,D,@,100,4.89
ACW,20140304,12:38:20.706,D,@,100,4.89
ACW,20140304,12:38:20.728,N,F,100,4.9
ACW,20140304,12:38:20.728,N,F,200,4.91
ACW,20140304,12:38:20.733,Y,F,100,4.91
ACW,20140304,12:38:20.744,D,@,300,4.91
ACW,20140304,12:38:20.842,Z,F,100,4.91
ACW,20140304,12:38:20.842,N,F,300,4.91
ACW,20140304,12:38:20.843,T,F,100,4.91
ACW,20140304,12:38:20.847,N,F,300,4.92
ACW,20140304,12:38:20.848,T,F I,50,4.92
ACW,20140304,12:38:20.848,T,F I,50,4.92
ACW,20140304,12:38:20.907,D,F,100,4.92
ACW,20140304,12:38:20.916,N,F,100,4.92
ACW,20140304,12:38:20.933,N,F,100,4.91
ACW,20140304,12:38:20.940,J,F I,78,4.9
ACW,20140304,12:38:21.166,D,@,100,4.9
ACW,20140304,12:38:21.168,D,@,100,4.9
ACW,20140304,12:38:21.169,D,@,100,4.9
ACW,20140304,12:38:21.171,D,@,100,4.9
ACW,20140304,12:38:21.172,D,@,100,4.9
ACW,20140304,12:38:40.860,N,@,100,4.92
ACW,20140304,12:38:40.862,N,@,300,4.92
ACW,20140304,12:38:40.863,T,@,100,4.92
ACW,20140304,12:38:40.866,D,@,100,4.92
ACW,20140304,12:38:40.867,D,@,100,4.92
ACW,20140304,12:38:40.870,D,@,100,4.92
ACW,20140304,12:38:40.871,D,@,100,4.92
ACW,20140304,12:38:40.873,D,@,100,4.92
ACW,20140304,12:38:40.877,D,@,100,4.92
ACW,20140304,12:39:12.513,J,@,100,4.91
ACW,20140304,12:39:12.534,K,F,100,4.91
ACW,20140304,12:39:12.534,T,F,100,4.91
ACW,20140304,12:39:12.534,N,F,200,4.91
ACW,20140304,12:39:25.953,D,@,100,4.91
ACW,20140304,12:40:15.254,D,@,100,4.9
ACW,20140304,12:40:15.270,J,@,100,4.9
ACW,20140304,12:40:15.291,P,F,100,4.9
ACW,20140304,12:40:15.291,Z,F,600,4.9
ACW,20140304,12:40:15.291,P,F,100,4.9
ACW,20140304,12:40:15.291,T,F,100,4.9
ACW,20140304,12:40:15.291,K,F,100,4.9
ACW,20140304,12:40:15.292,N,F,300,4.9
ACW,20140304,12:42:44.812,D,@,100,4.9
ACW,20140304,12:42:44.812,D,@,100,4.9
ACW,20140304,12:43:22.318,J,@,100,4.89
ACW,20140304,12:43:22.318,J,@,100,4.89
ACW,20140304,12:43:22.343,Z,F I,30,4.89
ACW,20140304,12:43:22.343,X,F,100,4.89
ACW,20140304,12:43:22.343,K,F,100,4.89
ACW,20140304,12:43:22.343,T,F,100,4.89
ACW,20140304,12:43:22.343,T,F,100,4.89
ACW,20140304,12:43:22.343,T,F,200,4.89
ACW,20140304,12:43:22.343,N,F,422,4.89
ACW,20140304,12:45:33.886,D,I,15,4.8899
ACW,20140304,12:46:03.653,D,@,100,4.89
ACW,20140304,12:46:37.220,J,@,100,4.89
ACW,20140304,12:46:37.220,T,@,100,4.89
ACW,20140304,12:46:37.220,N,@,100,4.89
ACW,20140304,12:46:37.695,J,@,100,4.89
ACW,20140304,12:46:37.695,J,@,100,4.89
ACW,20140304,12:47:47.297,D,@,200,4.88
ACW,20140304,12:47:47.387,J,@,100,4.88
ACW,20140304,12:47:47.409,Z,F,100,4.88
ACW,20140304,12:47:47.409,X,F,100,4.88
ACW,20140304,12:47:47.409,K,F,100,4.88
ACW,20140304,12:47:47.409,T,F,200,4.88
ACW,20140304,12:47:47.409,T,F,112,4.88
ACW,20140304,12:47:47.409,T,F,100,4.88
ACW,20140304,12:47:47.409,T,F,100,4.88
ACW,20140304,12:47:47.409,T,F,100,4.88
ACW,20140304,12:47:47.409,N,F,310,4.88
ACW,20140304,12:49:23.900,J,F,100,4.88
ACW,20140304,12:49:23.901,N,F,300,4.88
ACW,20140304,12:49:23.903,J,F,100,4.88
ACW,20140304,12:49:23.903,T,F,100,4.88
ACW,20140304,12:49:27.790,D,@,100,4.88
ACW,20140304,12:50:46.196,J,@,100,4.87
ACW,20140304,12:50:46.227,D,F,100,4.87
ACW,20140304,12:50:46.229,P,F,100,4.87
ACW,20140304,12:50:46.229,Z,F I,22,4.87
ACW,20140304,12:50:46.229,Z,F I,3,4.87
ACW,20140304,12:50:46.229,Z,F I,26,4.87
ACW,20140304,12:50:46.229,X,F,100,4.87
ACW,20140304,12:50:46.229,T,F,100,4.87
ACW,20140304,12:50:46.229,K,F,200,4.87
ACW,20140304,12:50:46.230,N,F,400,4.87
ACW,20140304,12:51:13.112,T,F,100,4.87
ACW,20140304,12:51:13.112,B,@,100,4.87
ACW,20140304,12:51:13.113,N,F,100,4.87
ACW,20140304,12:51:13.114,N,F,100,4.87
ACW,20140304,12:51:13.116,D,@,100,4.87
ACW,20140304,12:51:14.110,T,F,100,4.87
ACW,20140304,12:51:14.110,T,F,100,4.87
ACW,20140304,12:51:19.959,N,@,200,4.875
ACW,20140304,12:51:19.959,N,@,100,4.88
ACW,20140304,12:51:19.960,N,@,100,4.88
ACW,20140304,12:51:19.961,N,@,100,4.88
ACW,20140304,12:51:19.961,D,@,200,4.87
ACW,20140304,12:51:19.972,D,@,100,4.87
ACW,20140304,12:51:55.568,D,@,100,4.87
ACW,20140304,12:52:53.064,D,@,100,4.88
ACW,20140304,12:52:53.440,D,@,200,4.875
ACW,20140304,12:53:34.864,D,@,3000,4.87
ACW,20140304,12:53:34.868,D,@,2000,4.8701
ACW,20140304,12:53:40.000,D,F,100,4.87
ACW,20140304,12:53:40.004,Z,F,100,4.87
ACW,20140304,12:53:40.004,K,F,400,4.87
ACW,20140304,12:53:40.004,B,F,100,4.87
ACW,20140304,12:53:40.004,X,F,100,4.87
ACW,20140304,12:53:40.005,N,F,200,4.87
ACW,20140304,12:53:40.006,T,F,100,4.87
ACW,20140304,12:53:58.179,D,@,100,4.87
ACW,20140304,12:54:55.822,P,F,100,4.87
ACW,20140304,12:54:55.822,T,F,100,4.87
ACW,20140304,12:54:55.822,K,F,100,4.87
ACW,20140304,12:56:19.202,D,@,100,4.87
ACW,20140304,12:56:49.489,N,F,100,4.87
ACW,20140304,12:57:14.254,T,F,100,4.87
ACW,20140304,12:57:14.258,D,@,100,4.87
ACW,20140304,12:57:14.261,D,@,100,4.87
ACW,20140304,12:57:14.306,D,@,100,4.87
ACW,20140304,12:57:15.281,N,@,100,4.87
ACW,20140304,12:57:24.706,N,@,100,4.87
ACW,20140304,12:58:09.572,D,@,400,4.88
ACW,20140304,12:58:22.201,Z,@,100,4.87
ACW,20140304,12:58:22.201,K,@,100,4.87
ACW,20140304,12:58:22.201,P,@,100,4.87
ACW,20140304,12:58:22.205,D,@,100,4.87
ACW,20140304,12:58:22.206,D,@,100,4.87
ACW,20140304,12:58:22.206,K,@,100,4.87
ACW,20140304,12:58:22.208,Z,@,100,4.87
ACW,20140304,12:58:22.208,P,@,100,4.87
ACW,20140304,12:58:22.214,D,@,100,4.87
ACW,20140304,12:58:22.215,D,@,200,4.87
ACW,20140304,12:58:22.227,D,@,1800,4.8799
ACW,20140304,12:58:22.236,D,@,100,4.87
ACW,20140304,12:58:45.778,N,@,100,4.87
ACW,20140304,12:58:49.723,D,@,200,4.861
ACW,20140304,12:58:50.167,D,@,200,4.87
ACW,20140304,12:58:58.740,P,@,100,4.87
ACW,20140304,12:59:25.034,D,@,100,4.875
ACW,20140304,12:59:33.040,D,@,100,4.87
ACW,20140304,12:59:33.040,D,@,200,4.87
ACW,20140304,12:59:39.154,D,@,100,4.875
ACW,20140304,12:59:43.102,D,@,100,4.875
ACW,20140304,12:59:45.252,D,@,200,4.87
ACW,20140304,12:59:45.381,D,@,100,4.87
ACW,20140304,12:59:47.427,D,@,100,4.87
ACW,20140304,12:59:51.770,N,@,300,4.875
ACW,20140304,13:00:52.907,J,@,100,4.87
ACW,20140304,13:00:52.930,P,F,300,4.87
ACW,20140304,13:00:52.930,Z,F,100,4.87
ACW,20140304,13:00:52.930,P,F,100,4.87
ACW,20140304,13:00:52.930,P,F,100,4.87
ACW,20140304,13:00:52.931,B,F,100,4.87
ACW,20140304,13:00:52.931,T,F,100,4.87
ACW,20140304,13:00:52.931,X,F,100,4.87
ACW,20140304,13:00:52.931,T,F,100,4.87
ACW,20140304,13:00:52.931,T,F,100,4.87
ACW,20140304,13:00:52.931,T,F,100,4.87
ACW,20140304,13:00:52.931,N,F,300,4.87
ACW,20140304,13:01:17.563,D,@,500,4.861
ACW,20140304,13:01:17.564,N,F,253,4.86
ACW,20140304,13:01:17.591,T,F,200,4.86
ACW,20140304,13:01:17.591,T,F I,3,4.86
ACW,20140304,13:01:17.591,Z,I,8,4.86
ACW,20140304,13:01:17.619,N,F I,44,4.85
ACW,20140304,13:01:17.663,B,@,100,4.85
ACW,20140304,13:01:18.226,T,@,100,4.85
ACW,20140304,13:01:18.226,T,F,100,4.85
ACW,20140304,13:01:18.372,D,I,30,4.864
ACW,20140304,13:01:18.413,D,I,11,4.864
ACW,20140304,13:01:18.710,D,I,19,4.864
ACW,20140304,13:01:19.703,D,@,100,4.864
ACW,20140304,13:01:19.703,D,I,3,4.864
ACW,20140304,13:01:19.744,D,@,200,4.864
ACW,20140304,13:01:19.843,D,I,93,4.864
ACW,20140304,13:01:25.807,J,@,100,4.85
ACW,20140304,13:01:25.807,N,@,100,4.85
ACW,20140304,13:01:29.194,T,F,100,4.85
ACW,20140304,13:02:44.237,N,@,100,4.85
ACW,20140304,13:03:46.195,J,F,100,4.86
ACW,20140304,13:03:46.200,J,F,104,4.86
ACW,20140304,13:04:01.734,N,@,100,4.86
ACW,20140304,13:04:02.267,N,F,100,4.86
ACW,20140304,13:04:08.205,N,@,100,4.85
ACW,20140304,13:06:13.832,N,@,100,4.87
ACW,20140304,13:06:13.832,B,F,100,4.87
ACW,20140304,13:06:13.835,T,F,100,4.87
ACW,20140304,13:06:13.835,B,@,100,4.87
ACW,20140304,13:06:13.835,N,F,100,4.87
ACW,20140304,13:06:13.841,N,@,100,4.87
ACW,20140304,13:06:13.855,D,@,100,4.87
ACW,20140304,13:06:16.126,D,@,100,4.87
ACW,20140304,13:06:37.562,N,@,100,4.88
ACW,20140304,13:06:38.453,N,@,100,4.88
ACW,20140304,13:06:40.511,D,@,200,4.87
ACW,20140304,13:06:40.575,D,@,100,4.87
ACW,20140304,13:06:40.733,D,@,100,4.873
ACW,20140304,13:07:36.214,D,@,200,4.872
ACW,20140304,13:07:36.243,D,F,100,4.87
ACW,20140304,13:07:36.250,T,F,100,4.87
ACW,20140304,13:07:36.250,X,F,100,4.87
ACW,20140304,13:07:36.250,N,F,800,4.87
ACW,20140304,13:07:36.250,T,F I,34,4.87
ACW,20140304,13:08:53.811,J,F,100,4.87
ACW,20140304,13:13:06.167,T,F,100,4.87
ACW,20140304,13:13:29.353,N,@,100,4.87
ACW,20140304,13:13:57.383,K,F,100,4.87
ACW,20140304,13:14:04.153,N,@,100,4.87
ACW,20140304,13:14:04.153,K,@,200,4.87
ACW,20140304,13:14:04.154,K,F,300,4.87
ACW,20140304,13:14:04.158,D,@,100,4.87
ACW,20140304,13:14:15.190,D,@,100,4.87
ACW,20140304,13:14:15.258,D,@,200,4.87
ACW,20140304,13:14:15.797,D,@,100,4.8715
ACW,20140304,13:14:16.213,J,@,100,4.87
ACW,20140304,13:14:16.228,D,F,100,4.87
ACW,20140304,13:14:16.234,D,I,6,4.87
ACW,20140304,13:14:16.234,D,I,94,4.87
ACW,20140304,13:14:16.235,B,F,100,4.87
ACW,20140304,13:14:16.235,X,F,100,4.87
ACW,20140304,13:14:16.235,T,F,100,4.87
ACW,20140304,13:14:16.235,K,F,100,4.87
ACW,20140304,13:14:16.235,T,F I,41,4.87
ACW,20140304,13:14:16.236,T,F,159,4.87
ACW,20140304,13:14:16.236,N,F,100,4.87
ACW,20140304,13:14:16.236,T,F,141,4.87
ACW,20140304,13:14:16.236,P,F,100,4.87
ACW,20140304,13:14:16.237,N,F,100,4.87
ACW,20140304,13:14:16.322,T,F,659,4.87
ACW,20140304,13:14:16.324,N,@,100,4.87
ACW,20140304,13:14:34.044,D,@,208,4.8699
ACW,20140304,13:16:26.363,K,@,100,4.86
ACW,20140304,13:16:26.364,N,@,200,4.86
ACW,20140304,13:16:26.364,X,@,100,4.86
ACW,20140304,13:16:26.364,T,F,100,4.86
ACW,20140304,13:16:26.364,T,F I,5,4.86
ACW,20140304,13:16:26.364,T,F I,95,4.86
ACW,20140304,13:16:26.365,P,@,100,4.86
ACW,20140304,13:16:26.366,T,F I,5,4.86
ACW,20140304,13:16:26.366,N,I,97,4.86
ACW,20140304,13:16:27.085,J,F,100,4.86
ACW,20140304,13:16:37.994,Z,F,100,4.86
ACW,20140304,13:17:57.466,N,@,100,4.86
ACW,20140304,13:19:05.269,Z,@,100,4.85
ACW,20140304,13:20:11.086,J,@,100,4.85
ACW,20140304,13:20:11.107,Z,F,100,4.85
ACW,20140304,13:20:11.107,P,F I,12,4.85
ACW,20140304,13:20:11.107,P,F,100,4.85
ACW,20140304,13:20:11.107,K,F,100,4.85
ACW,20140304,13:20:11.107,P,F,100,4.85
ACW,20140304,13:20:11.107,T,F I,29,4.85
ACW,20140304,13:20:11.107,T,F,100,4.85
ACW,20140304,13:20:11.107,T,F,100,4.85
ACW,20140304,13:20:11.107,T,F,100,4.85
ACW,20140304,13:20:11.107,K,F I,5,4.85
ACW,20140304,13:20:11.107,K,F,100,4.85
ACW,20140304,13:20:11.107,K,F I,3,4.85
ACW,20140304,13:20:11.108,N,F,111,4.85
ACW,20140304,13:20:11.108,N,I,29,4.85
ACW,20140304,13:20:14.859,P,F I,95,4.85
ACW,20140304,13:20:14.859,T,F,100,4.85
ACW,20140304,13:20:14.860,N,F,100,4.85
ACW,20140304,13:20:16.049,T,F I,81,4.85
ACW,20140304,13:20:48.057,K,@,100,4.85
ACW,20140304,13:20:48.057,T,@,100,4.85
ACW,20140304,13:22:18.641,N,F,100,4.85
ACW,20140304,13:22:54.945,D,@,100,4.8491
ACW,20140304,13:25:02.840,D,@,100,4.85
ACW,20140304,13:25:27.456,Z,@,300,4.85
ACW,20140304,13:25:27.456,T,@,100,4.85
ACW,20140304,13:25:27.457,P,@,100,4.85
ACW,20140304,13:25:27.457,T,@,100,4.85
ACW,20140304,13:25:27.457,N,@,300,4.85
ACW,20140304,13:25:27.457,K,@,100,4.85
ACW,20140304,13:25:27.457,J,@,100,4.85
ACW,20140304,13:25:27.457,K,@,100,4.85
ACW,20140304,13:25:27.457,K,@,100,4.85
ACW,20140304,13:25:27.538,D,@,100,4.84
ACW,20140304,13:25:28.585,T,I,11,4.84
ACW,20140304,13:25:28.585,T,@,100,4.84
ACW,20140304,13:25:28.585,T,I,85,4.84
ACW,20140304,13:25:28.585,T,I,4,4.84
ACW,20140304,13:25:28.585,N,@,200,4.84
ACW,20140304,13:25:28.585,P,@,100,4.84
ACW,20140304,13:25:28.601,Z,I,32,4.84
ACW,20140304,13:25:28.601,T,I,3,4.84
ACW,20140304,13:25:28.601,Z,I,16,4.84
ACW,20140304,13:25:39.397,N,@,100,4.82
ACW,20140304,13:25:51.397,Y,@,500,4.8
ACW,20140304,13:25:51.398,N,@,300,4.8
ACW,20140304,13:25:51.400,N,@,200,4.81
ACW,20140304,13:25:51.400,T,F,100,4.81
ACW,20140304,13:25:51.400,T,F I,38,4.81
ACW,20140304,13:25:51.400,T,F I,62,4.81
ACW,20140304,13:25:51.400,J,F,100,4.81
ACW,20140304,13:25:51.443,N,F,100,4.82
ACW,20140304,13:25:51.447,D,@,100,4.81
ACW,20140304,13:25:51.737,Z,@,300,4.81
ACW,20140304,13:25:51.738,N,@,200,4.81
ACW,20140304,13:25:51.739,P,@,200,4.81
ACW,20140304,13:25:52.476,D,@,200,4.8115
ACW,20140304,13:25:53.842,D,@,200,4.8002
ACW,20140304,13:25:53.842,D,@,600,4.8004
ACW,20140304,13:26:26.093,P,@,100,4.81
ACW,20140304,13:26:26.093,N,@,200,4.81
ACW,20140304,13:26:28.073,J,@,100,4.82
ACW,20140304,13:26:32.653,N,F,100,4.82
ACW,20140304,13:27:47.654,N,F,100,4.83
ACW,20140304,13:27:47.730,T,I,38,4.83
ACW,20140304,13:29:28.024,J,@,100,4.85
ACW,20140304,13:29:45.225,N,@,100,4.85
ACW,20140304,13:30:15.532,T,F,100,4.85
ACW,20140304,13:30:15.533,N,@,100,4.85
ACW,20140304,13:30:15.534,T,F,100,4.86
ACW,20140304,13:30:15.534,Z,F,200,4.86
ACW,20140304,13:30:15.553,D,@,450,4.855
ACW,20140304,13:30:28.511,P,@,100,4.85
ACW,20140304,13:30:28.511,T,@,100,4.85
ACW,20140304,13:30:28.511,T,@,400,4.85
ACW,20140304,13:30:28.512,N,@,100,4.85
ACW,20140304,13:30:28.517,D,@,100,4.85
ACW,20140304,13:32:12.015,D,@,100,4.8489
ACW,20140304,13:32:12.431,D,@,200,4.8568
ACW,20140304,13:36:04.351,D,@,200,4.859
ACW,20140304,13:39:49.412,D,@,100,4.86
ACW,20140304,13:39:49.445,D,@,100,4.86
ACW,20140304,13:39:49.446,D,@,100,4.86
ACW,20140304,13:40:29.828,Z,F,100,4.86
ACW,20140304,13:40:34.505,Z,F,100,4.86
ACW,20140304,13:41:17.067,Z,F,700,4.86
ACW,20140304,13:41:17.068,Z,F I,3,4.86
ACW,20140304,13:41:17.070,N,F,100,4.87
ACW,20140304,13:41:17.086,T,F,100,4.88
ACW,20140304,13:41:17.087,K,F,197,4.88
ACW,20140304,13:41:17.107,D,@,1400,4.876
ACW,20140304,13:41:27.328,D,@,100,4.88
ACW,20140304,13:41:27.705,Z,@,200,4.87
ACW,20140304,13:41:49.366,D,@,250,4.8798
ACW,20140304,13:42:02.330,Y,@,100,4.87
ACW,20140304,13:42:04.730,T,F,100,4.88
ACW,20140304,13:43:16.638,N,@,100,4.88
ACW,20140304,13:43:34.915,N,F,100,4.88
ACW,20140304,13:43:37.006,K,@,200,4.88
ACW,20140304,13:43:37.016,K,F I,39,4.88
ACW,20140304,13:44:50.085,K,F,1200,4.88
ACW,20140304,13:45:05.129,K,F,100,4.88
ACW,20140304,13:46:16.958,K,F,100,4.88
ACW,20140304,13:46:37.107,K,@,100,4.88
ACW,20140304,13:46:50.378,K,F,100,4.88
ACW,20140304,13:48:06.751,K,@,100,4.88
ACW,20140304,13:48:24.701,K,F,864,4.88
ACW,20140304,13:48:24.979,D,@,864,4.879
ACW,20140304,13:48:35.620,N,@,200,4.92
ACW,20140304,13:48:35.622,N,@,100,4.93
ACW,20140304,13:48:35.623,K,F,400,4.92
ACW,20140304,13:48:35.623,K,F,200,4.92
ACW,20140304,13:48:35.624,B,F,100,4.91
ACW,20140304,13:48:35.624,B,F,100,4.91
ACW,20140304,13:48:35.625,N,F,100,4.91
ACW,20140304,13:48:35.626,P,F,100,4.91
ACW,20140304,13:48:35.628,T,F,100,4.91
ACW,20140304,13:48:35.629,P,F,100,4.91
ACW,20140304,13:48:35.631,N,F,100,4.91
ACW,20140304,13:48:35.642,N,F,100,4.91
ACW,20140304,13:48:51.924,N,F,100,4.92
ACW,20140304,13:49:08.508,T,F,100,4.91
ACW,20140304,13:51:41.286,N,F,100,4.93
ACW,20140304,13:51:47.879,N,@,100,4.94
ACW,20140304,13:52:05.928,N,F,100,4.94
ACW,20140304,13:53:07.938,D,@,300,4.93
ACW,20140304,13:53:08.050,Z,F,100,4.93
ACW,20140304,13:53:08.050,J,F,100,4.93
ACW,20140304,13:53:08.051,N,F,100,4.93
ACW,20140304,13:53:08.051,T,F,100,4.93
ACW,20140304,13:53:08.051,T,F,300,4.93
ACW,20140304,13:53:08.051,X,@,100,4.93
ACW,20140304,13:53:08.051,T,F,100,4.93
ACW,20140304,13:53:08.060,N,F,140,4.92
ACW,20140304,13:53:08.061,T,F,100,4.92
ACW,20140304,13:53:08.061,P,I,64,4.92
ACW,20140304,13:53:08.061,T,F,100,4.92
ACW,20140304,13:53:08.218,P,@,100,4.91
ACW,20140304,13:53:52.662,N,F,100,4.91
ACW,20140304,13:54:33.475,Y,F,100,4.9
ACW,20140304,13:54:33.476,B,F,100,4.9
ACW,20140304,13:54:33.487,D,@,100,4.9004
ACW,20140304,13:54:33.583,N,I,60,4.9
ACW,20140304,13:54:33.613,P,F,100,4.9
ACW,20140304,13:54:33.613,N,F,140,4.9
ACW,20140304,13:54:33.613,K,F,100,4.9
ACW,20140304,13:54:33.618,P,F,100,4.89
ACW,20140304,13:54:33.619,Z,F,100,4.89
ACW,20140304,13:54:33.619,T,F I,54,4.89
ACW,20140304,13:54:33.619,T,F,100,4.89
ACW,20140304,13:54:33.620,P,F,100,4.89
ACW,20140304,13:54:46.795,N,F,100,4.89
ACW,20140304,13:54:46.803,N,F,200,4.89
ACW,20140304,13:54:46.803,T,F,100,4.89
ACW,20140304,13:55:06.854,N,@,100,4.89
ACW,20140304,13:55:06.862,T,F,100,4.89
ACW,20140304,13:56:02.201,N,I,6,4.88
ACW,20140304,13:56:02.207,D,@,200,4.88
ACW,20140304,13:56:02.214,D,@,500,4.88
ACW,20140304,13:56:02.254,D,@,100,4.88
ACW,20140304,13:56:02.418,N,F,1300,4.88
ACW,20140304,13:58:22.053,P,@,100,4.9
ACW,20140304,13:59:01.919,J,F,100,4.89
ACW,20140304,13:59:36.989,D,@,100,4.9
ACW,20140304,13:59:43.724,N,I,8,4.9
ACW,20140304,13:59:43.734,D,@,100,4.9
ACW,20140304,14:01:02.007,K,F,400,4.9
ACW,20140304,14:01:02.008,N,F,100,4.9
ACW,20140304,14:01:02.017,K,F,100,4.9
ACW,20140304,14:01:02.060,K,@,100,4.9
ACW,20140304,14:01:02.060,K,@,200,4.9
ACW,20140304,14:03:49.549,T,F,100,4.91
ACW,20140304,14:03:49.699,N,F,100,4.92
ACW,20140304,14:03:49.700,T,@,100,4.92
ACW,20140304,14:04:03.615,P,@,100,4.92
ACW,20140304,14:04:03.616,P,F,100,4.92
ACW,20140304,14:05:23.141,Y,F,100,4.94
ACW,20140304,14:06:12.467,K,F,100,4.94
ACW,20140304,14:06:12.468,N,F,200,4.94
ACW,20140304,14:06:13.808,Z,@,100,4.94
ACW,20140304,14:06:23.270,N,F,100,4.95
ACW,20140304,14:06:49.921,D,@,800,4.93
ACW,20140304,14:06:49.931,D,@,100,4.93
ACW,20140304,14:06:50.044,D,@,100,4.93
ACW,20140304,14:07:14.977,D,I,35,4.95
ACW,20140304,14:07:38.442,K,F,100,4.95
ACW,20140304,14:07:38.465,D,@,100,4.93
ACW,20140304,14:08:01.813,Z,@,100,4.96
ACW,20140304,14:08:01.829,T,@,100,4.95
ACW,20140304,14:08:01.829,T,@,100,4.95
ACW,20140304,14:10:13.607,N,@,100,4.95
ACW,20140304,14:10:13.607,P,F,200,4.95
ACW,20140304,14:10:13.607,P,F,100,4.95
ACW,20140304,14:10:13.607,T,F,100,4.95
ACW,20140304,14:10:13.608,T,F I,28,4.95
ACW,20140304,14:10:13.609,N,F,500,4.95
ACW,20140304,14:10:13.624,P,I,48,4.94
ACW,20140304,14:10:13.624,T,@,100,4.94
ACW,20140304,14:10:13.624,P,I,52,4.94
ACW,20140304,14:10:13.624,N,I,56,4.94
ACW,20140304,14:10:13.626,P,I,48,4.94
ACW,20140304,14:10:14.637,Z,@,100,4.93
ACW,20140304,14:10:14.640,Z,F I,52,4.93
ACW,20140304,14:10:14.728,N,@,100,4.93
ACW,20140304,14:11:09.509,P,F,100,4.94
ACW,20140304,14:11:09.509,P,F,100,4.94
ACW,20140304,14:11:09.509,P,F,100,4.94
ACW,20140304,14:11:09.509,T,F,100,4.94
ACW,20140304,14:11:09.510,N,F,100,4.94
ACW,20140304,14:11:09.510,B,@,100,4.94
ACW,20140304,14:11:09.511,P,F,100,4.94
ACW,20140304,14:11:09.511,P,F,100,4.94
ACW,20140304,14:11:09.511,Y,@,100,4.94
ACW,20140304,14:11:09.511,K,F,100,4.94
ACW,20140304,14:11:09.527,K,@,100,4.94
ACW,20140304,14:11:09.533,T,@,100,4.93
ACW,20140304,14:12:19.037,Z,F,100,4.93
ACW,20140304,14:12:19.037,T,F,100,4.93
ACW,20140304,14:12:21.224,T,F I,51,4.92
ACW,20140304,14:12:21.224,N,F,100,4.92
ACW,20140304,14:12:26.058,D,I,11,4.91
ACW,20140304,14:13:34.570,D,4 I,1,4.91
ACW,20140304,14:13:34.933,T,F,100,4.91
ACW,20140304,14:13:34.933,T,F,300,4.91
ACW,20140304,14:13:34.933,K,@,100,4.91
ACW,20140304,14:13:34.935,K,F,100,4.91
ACW,20140304,14:13:34.935,Z,F,100,4.91
ACW,20140304,14:13:39.500,T,F,100,4.91
ACW,20140304,14:13:39.501,N,F,400,4.91
ACW,20140304,14:13:45.361,P,F,100,4.91
ACW,20140304,14:13:45.361,P,F,100,4.91
ACW,20140304,14:13:45.361,T,F,100,4.91
ACW,20140304,14:13:45.370,D,@,100,4.91
ACW,20140304,14:13:45.374,T,@,100,4.91
ACW,20140304,14:13:45.374,T,@,100,4.91
ACW,20140304,14:15:25.098,D,@,100,4.91
ACW,20140304,14:15:39.907,K,@,2200,4.9
ACW,20140304,14:15:39.921,T,I,18,4.9
ACW,20140304,14:15:39.921,Z,I,8,4.9
ACW,20140304,14:15:39.921,T,I,11,4.9
ACW,20140304,14:15:39.922,Z,I,12,4.9
ACW,20140304,14:15:39.922,Z,I,15,4.9
ACW,20140304,14:15:39.932,K,@,100,4.9
ACW,20140304,14:15:39.948,D,@,100,4.9
ACW,20140304,14:15:39.983,T,F,100,4.9
ACW,20140304,14:15:39.983,T,F,100,4.9
ACW,20140304,14:15:39.983,T,F,100,4.9
ACW,20140304,14:15:39.983,P,F,200,4.9
ACW,20140304,14:15:39.983,Z,F,100,4.9
ACW,20140304,14:15:56.652,P,@,100,4.91
ACW,20140304,14:15:56.652,P,@,100,4.91
ACW,20140304,14:15:56.652,P,@,100,4.91
ACW,20140304,14:15:56.658,K,@,1200,4.9
ACW,20140304,14:15:56.658,K,@,100,4.9
ACW,20140304,14:16:26.729,T,F,100,4.9
ACW,20140304,14:16:26.729,T,F,200,4.9
ACW,20140304,14:16:26.730,T,F,200,4.9
ACW,20140304,14:16:26.734,N,F,100,4.9
ACW,20140304,14:16:27.358,T,F,100,4.9
ACW,20140304,14:16:27.358,N,F,100,4.9
ACW,20140304,14:16:41.129,N,F,100,4.9
ACW,20140304,14:19:15.858,D,@,125,4.89
ACW,20140304,14:20:17.185,T,F,100,4.9
ACW,20140304,14:23:17.099,T,@,100,4.9
ACW,20140304,14:23:17.759,T,@,100,4.9
ACW,20140304,14:24:13.216,B,@,100,4.89
ACW,20140304,14:24:13.271,T,I,93,4.9
ACW,20140304,14:24:25.651,T,F,100,4.9
ACW,20140304,14:25:14.454,T,@,200,4.89
ACW,20140304,14:25:14.454,Z,F,100,4.89
ACW,20140304,14:25:14.455,K,F,100,4.89
ACW,20140304,14:25:14.455,K,F,100,4.89
ACW,20140304,14:25:14.455,N,F,300,4.89
ACW,20140304,14:25:14.569,T,F,100,4.89
ACW,20140304,14:25:14.572,T,F,100,4.89
ACW,20140304,14:25:14.572,P,@,100,4.89
ACW,20140304,14:25:14.572,T,F,100,4.89
ACW,20140304,14:25:30.455,T,@,100,4.89
ACW,20140304,14:25:30.455,P,F,100,4.89
ACW,20140304,14:25:30.455,P,F,100,4.89
ACW,20140304,14:25:30.455,P,F,100,4.89
ACW,20140304,14:25:30.455,P,F,100,4.89
ACW,20140304,14:25:30.458,D,@,100,4.885
ACW,20140304,14:25:30.459,D,@,100,4.885
ACW,20140304,14:25:30.464,D,@,100,4.885
ACW,20140304,14:25:30.486,N,@,2473,4.88
ACW,20140304,14:25:30.487,N,@,1569,4.88
ACW,20140304,14:25:30.488,T,F I,31,4.88
ACW,20140304,14:25:30.743,D,@,100,4.885
ACW,20140304,14:25:32.674,D,@,100,4.885
ACW,20140304,14:26:54.658,T,F,100,4.89
ACW,20140304,14:26:54.659,N,F,100,4.89
ACW,20140304,14:30:00.142,N,I,28,4.89
ACW,20140304,14:30:00.142,N,I,33,4.89
ACW,20140304,14:30:00.196,P,F,100,4.89
ACW,20140304,14:30:00.197,K,F,100,4.89
ACW,20140304,14:30:00.197,P,@,100,4.89
ACW,20140304,14:30:00.197,T,F,100,4.89
ACW,20140304,14:30:00.197,T,F,169,4.89
ACW,20140304,14:30:00.198,N,I,39,4.89
ACW,20140304,14:30:07.801,D,I,31,4.88
ACW,20140304,14:30:07.843,D,@,100,4.88
ACW,20140304,14:30:07.846,D,@,100,4.88
ACW,20140304,14:30:07.956,D,@,100,4.88
ACW,20140304,14:30:07.971,D,@,100,4.88
ACW,20140304,14:30:07.983,N,F,100,4.88
ACW,20140304,14:31:04.014,N,F,100,4.89
ACW,20140304,14:33:24.569,Y,F I,35,4.9
ACW,20140304,14:38:55.797,P,F,100,4.9
ACW,20140304,14:38:55.797,K,F,2500,4.9
ACW,20140304,14:38:55.797,X,F,100,4.9
ACW,20140304,14:38:55.797,P,F,100,4.9
ACW,20140304,14:38:55.797,P,F,100,4.9
ACW,20140304,14:38:55.797,P,F,100,4.9
ACW,20140304,14:38:55.797,Z,F,100,4.9
ACW,20140304,14:38:55.797,T,F I,7,4.9
ACW,20140304,14:38:55.797,T,F,493,4.9
ACW,20140304,14:38:55.798,N,F,200,4.9
ACW,20140304,14:38:55.798,T,F I,7,4.9
ACW,20140304,14:38:55.798,T,F,500,4.9
ACW,20140304,14:38:55.798,T,F,100,4.9
ACW,20140304,14:38:55.799,T,F,400,4.9
ACW,20140304,14:38:55.799,K,@,100,4.9
ACW,20140304,14:38:55.799,P,@,100,4.9
ACW,20140304,14:38:55.799,T,@,100,4.9
ACW,20140304,14:38:55.799,T,@,100,4.9
ACW,20140304,14:38:55.799,T,@,200,4.9
ACW,20140304,14:38:55.801,Z,F,100,4.9
ACW,20140304,14:38:55.802,P,F,100,4.9
ACW,20140304,14:38:55.806,T,F,100,4.9
ACW,20140304,14:39:22.272,D,@,200,4.899
ACW,20140304,14:39:45.654,D,@,100,4.89
ACW,20140304,14:39:45.690,Z,F,100,4.89
ACW,20140304,14:39:45.690,Z,F,100,4.89
ACW,20140304,14:39:45.690,T,F,100,4.89
ACW,20140304,14:39:45.690,K,F,100,4.89
ACW,20140304,14:39:45.690,T,F,100,4.89
ACW,20140304,14:39:45.690,T,F,100,4.89
ACW,20140304,14:39:45.691,T,F,100,4.89
ACW,20140304,14:39:45.691,K,F,100,4.89
ACW,20140304,14:39:45.691,K,F,100,4.89
ACW,20140304,14:39:45.691,N,F,1596,4.89
ACW,20140304,14:39:45.691,J,F,100,4.89
ACW,20140304,14:40:00.013,D,@,100,4.89
ACW,20140304,14:40:08.524,T,F,100,4.89
ACW,20140304,14:40:44.226,D,@,100,4.89
ACW,20140304,14:41:20.765,B,@,100,4.89
ACW,20140304,14:42:07.482,D,F I,43,4.9
ACW,20140304,14:42:39.134,N,@,100,4.89
ACW,20140304,14:44:28.831,N,@,100,4.89
ACW,20140304,14:45:14.295,D,F I,39,4.9
ACW,20140304,14:45:30.108,B,@,100,4.89
ACW,20140304,14:45:55.186,N,@,100,4.895
ACW,20140304,14:46:25.103,D,@,1000,4.899
ACW,20140304,14:46:36.622,P,F,100,4.89
ACW,20140304,14:46:36.622,Z,F,100,4.89
ACW,20140304,14:46:36.622,P,F,600,4.89
ACW,20140304,14:46:36.622,T,F,100,4.89
ACW,20140304,14:46:36.623,N,F,100,4.89
ACW,20140304,14:47:45.353,B,@,100,4.89
ACW,20140304,14:48:22.643,Z,@,100,4.89
ACW,20140304,14:50:03.044,N,F,1100,4.89
ACW,20140304,14:50:13.497,N,F,100,4.89
ACW,20140304,14:50:19.276,N,@,100,4.89
ACW,20140304,14:50:29.406,N,I,61,4.88
ACW,20140304,14:50:29.533,N,F,100,4.88
ACW,20140304,14:50:48.481,D,@,100,4.89
ACW,20140304,14:51:02.826,D,I,39,4.9
ACW,20140304,14:51:43.117,B,@,100,4.89
ACW,20140304,14:52:03.740,D,F I,45,4.9
ACW,20140304,14:52:26.872,K,F,100,4.89
ACW,20140304,14:52:26.872,T,F,100,4.89
ACW,20140304,14:52:26.872,K,F,100,4.89
ACW,20140304,14:52:26.872,T,F,100,4.89
ACW,20140304,14:52:26.872,T,F,100,4.89
ACW,20140304,14:52:26.872,K,F,400,4.89
ACW,20140304,14:52:26.874,Z,F,100,4.89
ACW,20140304,14:52:26.874,K,F,100,4.89
ACW,20140304,14:52:26.886,Z,@,100,4.89
ACW,20140304,14:52:26.886,Z,@,100,4.89
ACW,20140304,14:53:11.735,T,F,100,4.89
ACW,20140304,14:53:11.737,T,F,100,4.89
ACW,20140304,14:53:11.737,T,F,100,4.89
ACW,20140304,14:53:42.468,B,@,100,4.89
ACW,20140304,14:54:24.688,D,@,100,4.895
ACW,20140304,14:54:24.798,D,@,100,4.89
ACW,20140304,14:55:25.980,Z,F,100,4.89
ACW,20140304,14:55:25.981,T,F,100,4.89
ACW,20140304,14:55:25.981,K,F,100,4.89
ACW,20140304,14:55:25.981,T,F,100,4.89
ACW,20140304,14:55:25.983,K,F I,28,4.89
ACW,20140304,14:55:40.961,N,F,200,4.895
ACW,20140304,14:55:40.995,T,F,200,4.9
ACW,20140304,14:55:40.997,T,F,200,4.9
ACW,20140304,14:55:40.997,K,F,200,4.895
ACW,20140304,14:55:40.997,T,F,100,4.9
ACW,20140304,14:55:40.997,T,F,100,4.9
ACW,20140304,14:55:40.997,T,F,100,4.9
ACW,20140304,14:55:40.997,K,F,100,4.9
ACW,20140304,14:55:41.011,P,F,200,4.9
ACW,20140304,14:55:41.011,T,F,500,4.9
ACW,20140304,14:55:41.011,P,F,100,4.9
ACW,20140304,14:55:41.011,K,F,100,4.9
ACW,20140304,14:55:41.011,K,F,100,4.9
ACW,20140304,14:55:41.012,N,F,100,4.895
ACW,20140304,14:55:41.012,N,F,100,4.9
ACW,20140304,14:55:41.115,T,F,100,4.9
ACW,20140304,14:55:41.116,N,F,100,4.9
ACW,20140304,14:55:41.117,T,F,200,4.9
ACW,20140304,14:55:41.138,T,F,200,4.9
ACW,20140304,14:55:41.138,T,F,100,4.9
ACW,20140304,14:55:41.138,P,F,100,4.9
ACW,20140304,14:55:41.138,K,F,100,4.9
ACW,20140304,14:55:41.138,P,F,100,4.9
ACW,20140304,14:55:41.138,P,F,100,4.9
ACW,20140304,14:55:41.140,T,@,500,4.9
ACW,20140304,14:55:41.141,K,F,100,4.9
ACW,20140304,14:55:41.143,P,F,100,4.9
ACW,20140304,14:56:24.711,D,@,100,4.89
ACW,20140304,14:56:24.746,P,F,100,4.89
ACW,20140304,14:56:24.747,P,F,100,4.89
ACW,20140304,14:56:24.747,T,F,100,4.89
ACW,20140304,14:56:24.747,N,F,300,4.89
ACW,20140304,14:56:24.776,P,F,100,4.89
ACW,20140304,14:56:24.776,T,F,200,4.89
ACW,20140304,14:56:24.776,T,F,100,4.89
ACW,20140304,14:56:24.776,T,F,100,4.89
ACW,20140304,14:57:06.001,Z,F,100,4.89
ACW,20140304,14:57:06.001,T,F,100,4.89
ACW,20140304,14:57:13.495,K,@,100,4.89
ACW,20140304,14:57:30.245,K,@,100,4.89
ACW,20140304,14:57:47.875,J,F,100,4.89
ACW,20140304,14:57:47.875,Z,F,100,4.89
ACW,20140304,14:57:57.055,P,@,100,4.89
ACW,20140304,14:59:52.162,P,F,100,4.89
ACW,20140304,14:59:54.149,D,@,100,4.89
ACW,20140304,15:00:36.671,Y,F I,40,4.9
ACW,20140304,15:01:50.948,Z,@,100,4.89
ACW,20140304,15:02:08.992,D,@,400,4.898
ACW,20140304,15:02:43.077,Y,F,700,4.89
ACW,20140304,15:02:43.077,Y,F,300,4.89
ACW,20140304,15:02:43.077,K,F,100,4.89
ACW,20140304,15:02:43.077,T,F,100,4.89
ACW,20140304,15:02:43.077,T,F,100,4.89
ACW,20140304,15:02:43.077,T,F,100,4.89
ACW,20140304,15:02:43.105,D,@,300,4.89
ACW,20140304,15:02:43.225,N,@,300,4.89
ACW,20140304,15:03:09.205,D,F I,47,4.9
ACW,20140304,15:03:27.248,T,F,100,4.89
ACW,20140304,15:03:59.710,D,I,40,4.9
ACW,20140304,15:03:59.716,D,@,100,4.89
ACW,20140304,15:04:42.405,T,F,100,4.89
ACW,20140304,15:04:42.405,T,F,100,4.89
ACW,20140304,15:04:42.406,N,F,100,4.89
ACW,20140304,15:04:42.435,D,@,100,4.89
ACW,20140304,15:04:42.534,T,@,100,4.89
ACW,20140304,15:04:42.534,T,@,100,4.89
ACW,20140304,15:04:54.233,D,@,100,4.89
ACW,20140304,15:05:42.403,P,F,100,4.89
ACW,20140304,15:05:42.403,T,F,100,4.89
ACW,20140304,15:05:42.403,T,F,100,4.89
ACW,20140304,15:05:42.403,T,F,100,4.89
ACW,20140304,15:05:42.404,N,F,100,4.89
ACW,20140304,15:06:25.759,Z,@,100,4.89
ACW,20140304,15:07:15.310,T,F,500,4.89
ACW,20140304,15:07:15.310,T,F,100,4.89
ACW,20140304,15:07:15.311,T,F,100,4.89
ACW,20140304,15:07:15.311,T,F,100,4.89
ACW,20140304,15:07:57.738,T,F,100,4.89
ACW,20140304,15:07:57.738,T,F,100,4.89
ACW,20140304,15:07:57.738,N,F,100,4.89
ACW,20140304,15:08:09.167,D,F I,45,4.9
ACW,20140304,15:09:07.105,D,@,100,4.89
ACW,20140304,15:09:13.140,N,@,100,4.895
ACW,20140304,15:09:43.091,D,@,100,4.895
ACW,20140304,15:10:00.041,N,I,33,4.89
ACW,20140304,15:10:00.055,N,I,28,4.89
ACW,20140304,15:10:00.064,D,@,100,4.89
ACW,20140304,15:10:00.243,K,F,100,4.89
ACW,20140304,15:10:00.244,N,F,139,4.89
ACW,20140304,15:10:00.244,T,F,100,4.89
ACW,20140304,15:10:00.250,T,I,50,4.89
ACW,20140304,15:10:11.146,N,I,11,4.88
ACW,20140304,15:10:11.262,D,@,200,4.88
ACW,20140304,15:10:11.280,N,F,100,4.88
ACW,20140304,15:10:16.049,D,@,100,4.8802
ACW,20140304,15:10:16.216,X,F,100,4.88
ACW,20140304,15:11:42.019,K,F,100,4.89
ACW,20140304,15:12:37.524,T,F,100,4.89
ACW,20140304,15:12:37.524,K,F,100,4.89
ACW,20140304,15:12:37.524,B,@,200,4.89
ACW,20140304,15:12:37.525,Z,@,100,4.89
ACW,20140304,15:12:37.525,K,@,200,4.89
ACW,20140304,15:12:37.525,N,F,200,4.89
ACW,20140304,15:12:37.526,K,@,200,4.89
ACW,20140304,15:12:37.526,Z,@,100,4.89
ACW,20140304,15:12:37.528,D,F,200,4.89
ACW,20140304,15:12:37.530,D,@,200,4.89
ACW,20140304,15:12:37.532,D,@,100,4.89
ACW,20140304,15:12:37.535,D,@,100,4.89
ACW,20140304,15:13:07.067,J,F I,15,4.9
ACW,20140304,15:13:07.070,D,I,28,4.9
ACW,20140304,15:13:17.072,D,F I,50,4.9
ACW,20140304,15:13:18.352,D,@,100,4.89
ACW,20140304,15:14:00.561,P,F,100,4.89
ACW,20140304,15:14:00.561,T,F,100,4.89
ACW,20140304,15:14:00.562,N,F,211,4.89
ACW,20140304,15:14:00.585,J,F I,50,4.89
ACW,20140304,15:14:00.596,D,I,50,4.89
ACW,20140304,15:14:00.624,D,@,300,4.89
ACW,20140304,15:14:00.661,T,@,100,4.89
ACW,20140304,15:14:00.661,T,@,100,4.89
ACW,20140304,15:14:09.119,D,@,100,4.89
ACW,20140304,15:14:09.127,B,F,100,4.89
ACW,20140304,15:14:17.150,B,@,100,4.89
ACW,20140304,15:15:16.408,P,@,100,4.89
ACW,20140304,15:15:30.973,D,@,100,4.9
ACW,20140304,15:16:32.160,B,@,100,4.89
ACW,20140304,15:16:38.316,D,I,39,4.9
ACW,20140304,15:17:35.775,P,F,100,4.89
ACW,20140304,15:17:35.775,Z,F,100,4.89
ACW,20140304,15:17:35.775,T,F,100,4.89
ACW,20140304,15:17:35.799,Y,F,100,4.89
ACW,20140304,15:17:35.801,D,@,200,4.89
ACW,20140304,15:18:26.146,D,@,100,4.89
ACW,20140304,15:18:34.644,D,F I,41,4.9
ACW,20140304,15:19:08.737,Z,@,100,4.89
ACW,20140304,15:19:09.375,D,@,100,4.9
ACW,20140304,15:19:09.383,B,F,100,4.89
ACW,20140304,15:19:57.062,T,F,200,4.89
ACW,20140304,15:19:57.062,K,F,100,4.89
ACW,20140304,15:19:57.062,T,F,100,4.89
ACW,20140304,15:19:57.062,T,F,200,4.89
ACW,20140304,15:19:57.062,N,F,111,4.89
ACW,20140304,15:20:42.787,D,@,100,4.9
ACW,20140304,15:21:09.983,T,F,100,4.89
ACW,20140304,15:22:31.934,D,@,100,4.89
ACW,20140304,15:22:47.234,Y,F I,35,4.9
ACW,20140304,15:22:47.540,T,F,400,4.9
ACW,20140304,15:22:47.541,N,F,100,4.89
ACW,20140304,15:22:47.541,N,F,100,4.9
ACW,20140304,15:22:47.550,B,@,100,4.895
ACW,20140304,15:22:48.273,N,@,100,4.895
ACW,20140304,15:23:18.741,B,@,100,4.895
ACW,20140304,15:23:18.766,D,I,92,4.9
ACW,20140304,15:23:48.689,D,@,100,4.89
ACW,20140304,15:24:15.626,D,@,100,4.895
ACW,20140304,15:24:50.081,N,F I,41,4.9
ACW,20140304,15:25:06.329,D,@,100,4.89
ACW,20140304,15:25:06.377,T,F,100,4.89
ACW,20140304,15:25:06.377,X,F,100,4.89
ACW,20140304,15:25:06.378,T,F I,82,4.89
ACW,20140304,15:25:06.378,N,F,500,4.89
ACW,20140304,15:25:06.398,N,I,11,4.89
ACW,20140304,15:25:06.403,D,@,300,4.89
ACW,20140304,15:25:06.416,D,@,100,4.9
ACW,20140304,15:25:06.477,D,@,100,4.8999
ACW,20140304,15:25:19.885,T,I,42,4.895
ACW,20140304,15:25:46.259,P,F,100,4.89
ACW,20140304,15:25:46.259,P,F,100,4.89
ACW,20140304,15:25:46.260,P,F,100,4.89
ACW,20140304,15:25:46.260,T,F I,18,4.89
ACW,20140304,15:25:46.260,T,F,100,4.89
ACW,20140304,15:25:46.260,T,F,100,4.89
ACW,20140304,15:25:46.260,N,F,100,4.89
ACW,20140304,15:26:22.993,D,@,100,4.89
ACW,20140304,15:27:19.055,T,F,200,4.89
ACW,20140304,15:27:19.056,T,F I,82,4.89
ACW,20140304,15:27:19.056,N,F,200,4.89
ACW,20140304,15:27:21.419,N,I,47,4.89
ACW,20140304,15:28:04.245,P,@,100,4.89
ACW,20140304,15:28:06.435,T,F I,18,4.89
ACW,20140304,15:28:06.435,K,F,100,4.89
ACW,20140304,15:28:06.435,T,F,100,4.89
ACW,20140304,15:28:06.435,T,F,100,4.89
ACW,20140304,15:28:06.435,T,F I,82,4.89
ACW,20140304,15:28:30.393,Z,F,300,4.89
ACW,20140304,15:28:30.393,Z,F,200,4.89
ACW,20140304,15:28:30.393,Z,F,300,4.89
ACW,20140304,15:28:30.394,N,F,100,4.89
ACW,20140304,15:28:44.747,N,@,100,4.9
ACW,20140304,15:28:44.754,D,@,100,4.9
ACW,20140304,15:29:05.973,T,F,100,4.9
ACW,20140304,15:29:05.974,T,F,100,4.9
ACW,20140304,15:29:08.196,D,@,100,4.9
ACW,20140304,15:29:17.354,T,F,200,4.9
ACW,20140304,15:29:21.455,T,F,200,4.9
ACW,20140304,15:30:00.076,D,I,29,4.8901
ACW,20140304,15:30:00.076,D,I,33,4.8901
ACW,20140304,15:30:00.166,D,I,38,4.8901
ACW,20140304,15:30:00.182,P,F,100,4.89
ACW,20140304,15:30:00.182,P,F,162,4.89
ACW,20140304,15:30:00.183,N,F,200,4.89
ACW,20140304,15:30:00.183,P,I,38,4.89
ACW,20140304,15:30:00.183,T,F,100,4.89
ACW,20140304,15:30:00.183,T,F,100,4.89
ACW,20140304,15:30:00.183,T,F,100,4.89
ACW,20140304,15:30:00.184,Z,@,100,4.89
ACW,20140304,15:30:00.555,N,F,200,4.89
ACW,20140304,15:30:26.863,N,F I,48,4.9
ACW,20140304,15:30:26.865,P,F,100,4.9
ACW,20140304,15:30:26.865,P,F,100,4.9
ACW,20140304,15:30:26.865,P,F,100,4.9
ACW,20140304,15:30:26.865,P,F,100,4.9
ACW,20140304,15:30:26.865,T,F,100,4.9
ACW,20140304,15:30:26.865,K,F,100,4.9
ACW,20140304,15:30:26.865,K,F,100,4.9
ACW,20140304,15:30:26.865,K,F,100,4.9
ACW,20140304,15:30:26.866,N,F,100,4.9
ACW,20140304,15:31:33.535,N,@,200,4.89
ACW,20140304,15:31:33.575,K,@,100,4.89
ACW,20140304,15:31:33.577,Z,F,100,4.89
ACW,20140304,15:31:33.578,T,F,100,4.89
ACW,20140304,15:31:33.579,K,F,500,4.88
ACW,20140304,15:31:33.603,D,@,200,4.89
ACW,20140304,15:31:49.425,D,F I,40,4.9
ACW,20140304,15:32:17.796,D,@,901,4.8801
ACW,20140304,15:32:35.144,D,@,100,4.89
ACW,20140304,15:32:35.145,D,@,100,4.89
ACW,20140304,15:32:35.374,P,F,100,4.89
ACW,20140304,15:32:35.374,P,F,100,4.89
ACW,20140304,15:32:35.374,P,F,100,4.89
ACW,20140304,15:32:35.374,Z,F,100,4.89
ACW,20140304,15:32:42.504,D,F I,41,4.9
ACW,20140304,15:32:52.455,D,@,200,4.9
ACW,20140304,15:34:50.595,X,F,100,4.9
ACW,20140304,15:34:50.595,T,F,100,4.9
ACW,20140304,15:34:58.182,D,@,100,4.9
ACW,20140304,15:35:23.343,Y,F I,41,4.9
ACW,20140304,15:36:37.122,D,@,100,4.9
ACW,20140304,15:36:37.122,D,@,100,4.9
ACW,20140304,15:36:41.349,Z,F,100,4.9
ACW,20140304,15:36:41.350,Z,F I,9,4.9
ACW,20140304,15:36:47.994,T,F,100,4.9
ACW,20140304,15:36:47.995,N,F,111,4.9
ACW,20140304,15:36:47.995,T,F,300,4.9
ACW,20140304,15:36:47.995,Y,I,65,4.9
ACW,20140304,15:36:47.999,T,F,100,4.9
ACW,20140304,15:36:47.999,T,F,100,4.9
ACW,20140304,15:37:01.877,T,F I,15,4.9
ACW,20140304,15:37:01.879,Z,F,100,4.9
ACW,20140304,15:37:28.794,T,F,100,4.9
ACW,20140304,15:37:28.794,N,F,100,4.9
ACW,20140304,15:37:49.263,N,@,100,4.9
ACW,20140304,15:37:50.452,T,F I,3,4.9
ACW,20140304,15:38:06.374,Z,@,100,4.9
ACW,20140304,15:39:11.535,N,F I,36,4.9
ACW,20140304,15:39:47.458,T,F,200,4.9
ACW,20140304,15:39:47.459,P,@,100,4.9
ACW,20140304,15:39:47.461,T,F,182,4.9
ACW,20140304,15:39:47.465,K,@,100,4.9
ACW,20140304,15:39:47.465,K,F,100,4.9
ACW,20140304,15:39:47.466,T,F,200,4.9
ACW,20140304,15:39:47.467,K,@,100,4.9
ACW,20140304,15:39:47.467,N,I,64,4.9
ACW,20140304,15:39:47.526,D,@,100,4.9
ACW,20140304,15:39:56.014,D,@,100,4.9
ACW,20140304,15:39:57.963,N,@,100,4.9
ACW,20140304,15:39:57.968,D,@,100,4.9
ACW,20140304,15:40:18.958,T,F,200,4.9
ACW,20140304,15:40:38.607,D,@,100,4.9
ACW,20140304,15:40:40.246,T,F,100,4.9
ACW,20140304,15:40:40.247,N,F,100,4.9
ACW,20140304,15:41:36.796,D,I,45,4.9
ACW,20140304,15:41:54.137,T,F,100,4.9
ACW,20140304,15:41:54.137,T,F,100,4.9
ACW,20140304,15:42:00.185,T,F,100,4.9
ACW,20140304,15:42:00.185,T,F,100,4.9
ACW,20140304,15:42:13.270,T,F,200,4.9
ACW,20140304,15:42:23.639,T,F,200,4.9
ACW,20140304,15:42:23.641,P,@,100,4.9
ACW,20140304,15:42:23.641,P,@,200,4.9
ACW,20140304,15:42:29.199,D,@,100,4.9
ACW,20140304,15:42:46.183,D,@,300,4.899
ACW,20140304,15:42:51.757,D,@,100,4.9
ACW,20140304,15:42:55.625,T,@,100,4.9
ACW,20140304,15:42:55.631,D,@,100,4.9
ACW,20140304,15:42:55.702,K,F,100,4.9
ACW,20140304,15:42:55.702,K,F,100,4.9
ACW,20140304,15:42:55.702,K,F,100,4.9
ACW,20140304,15:43:06.740,K,F,100,4.9
ACW,20140304,15:43:21.687,T,F,100,4.9
ACW,20140304,15:43:21.688,N,F,100,4.9
ACW,20140304,15:43:25.594,T,F,200,4.9
ACW,20140304,15:43:27.788,T,F,100,4.9
ACW,20140304,15:43:28.011,T,@,100,4.9
ACW,20140304,15:43:28.783,P,@,100,4.9
ACW,20140304,15:43:36.875,D,@,100,4.9
ACW,20140304,15:43:44.696,T,F I,44,4.9
ACW,20140304,15:44:00.814,N,F I,39,4.9
ACW,20140304,15:44:05.969,T,F I,56,4.9
ACW,20140304,15:44:05.969,T,F I,44,4.9
ACW,20140304,15:44:12.943,D,@,100,4.89
ACW,20140304,15:44:12.963,D,@,100,4.895
ACW,20140304,15:44:13.965,D,@,100,4.895
ACW,20140304,15:44:14.407,D,@,100,4.895
ACW,20140304,15:44:14.999,D,@,100,4.895
ACW,20140304,15:44:15.198,T,F,100,4.9
ACW,20140304,15:44:15.690,D,@,100,4.895
ACW,20140304,15:44:17.614,D,@,100,4.895
ACW,20140304,15:44:18.857,D,@,100,4.895
ACW,20140304,15:44:19.519,D,@,100,4.895
ACW,20140304,15:44:19.659,D,@,100,4.895
ACW,20140304,15:44:20.894,D,@,300,4.895
ACW,20140304,15:44:21.405,D,@,100,4.895
ACW,20140304,15:44:21.916,D,@,200,4.895
ACW,20140304,15:44:22.033,D,@,100,4.9
ACW,20140304,15:44:38.860,P,F,100,4.9
ACW,20140304,15:44:38.861,P,F,108,4.9
ACW,20140304,15:44:39.021,P,F I,92,4.9
ACW,20140304,15:44:39.021,P,F I,8,4.9
ACW,20140304,15:44:39.932,N,I,61,4.9
ACW,20140304,15:44:39.933,T,@,100,4.9
ACW,20140304,15:44:42.397,T,@,139,4.9
ACW,20140304,15:44:52.039,K,F,100,4.9
ACW,20140304,15:44:52.119,D,@,100,4.9
ACW,20140304,15:44:52.126,T,F,100,4.9
ACW,20140304,15:44:55.124,T,F I,17,4.9
ACW,20140304,15:44:55.124,T,F,100,4.9
ACW,20140304,15:44:55.124,T,F I,83,4.9
ACW,20140304,15:45:00.630,P,@,192,4.9
ACW,20140304,15:45:00.630,P,@,100,4.9
ACW,20140304,15:45:00.630,P,@,100,4.9
ACW,20140304,15:45:00.630,P,@,100,4.9
ACW,20140304,15:45:00.631,P,F,100,4.91
ACW,20140304,15:45:00.631,P,F,100,4.91
ACW,20140304,15:45:00.631,T,I,17,4.9
ACW,20140304,15:45:00.631,Z,F,100,4.91
ACW,20140304,15:45:00.631,T,@,500,4.9
ACW,20140304,15:45:00.631,T,@,206,4.9
ACW,20140304,15:45:00.631,T,F,667,4.9
ACW,20140304,15:45:00.631,T,@,208,4.9
ACW,20140304,15:45:00.634,T,@,100,4.9
ACW,20140304,15:45:00.635,K,F,100,4.9
ACW,20140304,15:45:00.635,P,@,100,4.9
ACW,20140304,15:45:00.636,Z,F,100,4.9
ACW,20140304,15:45:00.636,Z,F,100,4.9
ACW,20140304,15:45:00.637,Z,F,100,4.9
ACW,20140304,15:45:00.651,T,F,100,4.9
ACW,20140304,15:45:00.655,K,F,100,4.9
ACW,20140304,15:45:00.656,T,F,100,4.9
ACW,20140304,15:45:00.656,T,F,100,4.9
ACW,20140304,15:45:00.656,T,F,500,4.9
ACW,20140304,15:45:00.656,T,F,180,4.9
ACW,20140304,15:45:00.656,P,F,100,4.9
ACW,20140304,15:45:00.656,P,F,100,4.9
ACW,20140304,15:45:00.657,Z,F,100,4.9
ACW,20140304,15:45:00.658,T,F,100,4.9
ACW,20140304,15:45:00.658,T,F,100,4.9
ACW,20140304,15:45:00.659,K,F,100,4.9
ACW,20140304,15:45:01.010,N,F I,48,4.9
ACW,20140304,15:45:01.010,N,F,352,4.91
ACW,20140304,15:45:01.283,N,@,100,4.89
ACW,20140304,15:45:01.836,D,@,100,4.9
ACW,20140304,15:45:02.107,D,@,100,4.9
ACW,20140304,15:45:02.276,Z,I,48,4.895
ACW,20140304,15:45:02.341,D,@,100,4.9
ACW,20140304,15:45:22.199,D,@,100,4.9
ACW,20140304,15:45:52.189,P,F,100,4.9
ACW,20140304,15:45:52.294,D,@,100,4.9
ACW,20140304,15:46:08.474,D,@,100,4.9
ACW,20140304,15:46:22.367,D,@,100,4.9
ACW,20140304,15:46:37.743,P,@,200,4.895
ACW,20140304,15:46:37.743,Z,@,200,4.895
ACW,20140304,15:46:37.743,K,@,100,4.895
ACW,20140304,15:46:37.743,T,@,200,4.895
ACW,20140304,15:46:37.745,D,@,200,4.895
ACW,20140304,15:46:37.746,D,@,100,4.895
ACW,20140304,15:46:37.786,J,I,41,4.89
ACW,20140304,15:46:37.787,Y,F I,81,4.89
ACW,20140304,15:46:37.788,D,@,100,4.8925
ACW,20140304,15:46:37.789,D,@,100,4.89
ACW,20140304,15:46:37.793,D,@,200,4.89
ACW,20140304,15:46:37.794,D,F,100,4.89
ACW,20140304,15:46:37.794,D,F,100,4.89
ACW,20140304,15:46:37.794,D,@,100,4.89
ACW,20140304,15:46:37.795,D,@,100,4.89
