DATE,TIME_M,EX,SYM_ROOT,SYM_SUFFIX,BID,BIDSIZ,ASK,ASKSIZ,QU_COND,BIDEX,ASKEX,QU_SEQNUM,NATBBO_IND,NASDBBO_IND,QU_CANCEL,QU_SOURCE
20140304,4:00:00.645,P,ACW,,3.45,4,5.55,2,R,P,P,112,1,2,,C
20140304,6:18:32.352,P,ACW,,4.44,5,5.55,2,R,P,P,30253,1,2,,C
20140304,6:18:40.007,P,ACW,,4.43,5,5.55,2,R,P,P,30298,1,2,,C
20140304,6:18:42.492,P,ACW,,4.41,5,5.55,2,R,P,P,30303,1,2,,C
20140304,8:00:00.366,K,ACW,,4.06,2,6.85,50,R,K,K,54432,0,2,,C
20140304,8:10:06.827,P,ACW,,4.41,5,5.3,10,R,P,P,60956,1,2,,C
20140304,8:30:14.402,W,ACW,,0,0,0,0,R,W,W,76184,0,2,,C
20140304,8:35:08.181,T,ACW,,3.63,1,0,0,R,T,T,78307,0,2,,C
20140304,8:35:08.181,T,ACW,,3.63,1,6.23,1,R,T,T,78308,0,2,,C
20140304,9:20:49.185,Z,ACW,,4.33,1,0,0,R,Z,Z,142409,0,2,,C
20140304,9:20:49.185,Z,ACW,,4.33,1,4.6,1,R,Z,Z,142412,6,2,,C
20140304,9:20:49.186,T,ACW,,3.63,1,5.88,1,R,T,T,142425,0,2,,C
20140304,9:20:49.197,T,ACW,,3.63,1,5.41,1,R,T,T,142609,0,2,,C
20140304,9:21:35.301,P,ACW,,4.41,5,4.63,1,R,P,P,143509,0,2,,C
20140304,9:24:02.826,Z,ACW,,0,0,4.6,1,R,Z,Z,145370,0,2,,C
20140304,9:24:02.826,Z,ACW,,4.43,1,4.6,1,R,Z,Z,145371,1,2,,C
20140304,9:25:04.642,Z,ACW,,0,0,4.6,1,R,Z,Z,146774,6,2,,C
20140304,9:25:05.113,Z,ACW,,0,0,0,0,R,Z,Z,146979,6,2,,C
20140304,9:25:05.513,P,ACW,,4.41,5,4.74,9,R,P,P,147003,1,2,,C
20140304,9:25:05.521,T,ACW,,3.63,1,5.47,1,R,T,T,147007,0,2,,C
20140304,9:25:09.781,P,ACW,,4.41,5,4.9,1,R,P,P,147361,1,2,,C
20140304,9:25:09.783,P,ACW,,4.41,5,5.06,1,R,P,P,147365,1,2,,C
20140304,9:25:09.790,P,ACW,,4.41,5,5.23,1,R,P,P,147366,1,2,,C
20140304,9:25:09.796,P,ACW,,4.41,5,5.3,10,R,P,P,147369,1,2,,C
20140304,9:25:10.477,T,ACW,,3.63,1,5.88,1,R,T,T,147380,0,2,,C
20140304,9:25:58.769,T,ACW,,3.63,1,4.61,1,R,T,T,148431,6,2,,C
20140304,9:25:58.769,P,ACW,,4.41,5,4.71,1,R,P,P,148435,0,2,,C
20140304,9:25:58.769,T,ACW,,4.43,1,4.61,1,R,T,T,148436,1,2,,C
20140304,9:25:59.201,Z,ACW,,4.43,1,0,0,R,Z,Z,148717,0,2,,C
20140304,9:25:59.202,Z,ACW,,4.43,1,4.61,1,R,Z,Z,148724,0,2,,C
20140304,9:25:59.364,K,ACW,,4.43,1,6.85,50,R,K,K,148930,0,2,,C
20140304,9:25:59.364,K,ACW,,4.43,1,4.61,1,R,K,K,148939,0,2,,C
20140304,9:25:59.398,P,ACW,,4.41,5,4.61,1,R,P,P,149118,0,2,,C
20140304,9:25:59.398,P,ACW,,4.43,1,4.61,1,R,P,P,149125,0,2,,C
20140304,9:28:27.710,P,ACW,,4.49,1,4.61,1,R,P,P,152436,6,2,,C
20140304,9:28:27.865,Z,ACW,,4.49,1,4.61,1,R,Z,Z,152507,0,2,,C
20140304,9:28:27.928,K,ACW,,4.49,1,4.61,1,R,K,K,152574,0,2,,C
20140304,9:28:27.991,T,ACW,,3.63,1,4.61,1,R,T,T,152632,6,2,,C
20140304,9:28:27.991,T,ACW,,4.49,1,4.61,1,R,T,T,152634,0,2,,C
20140304,9:29:03.101,Y,ACW,,0,0,5.08,1,R,Y,Y,154409,0,2,,C
20140304,9:29:03.101,Y,ACW,,4.17,1,4.94,1,R,Y,Y,154410,0,2,,C
20140304,9:29:55.247,Y,ACW,,4.4,1,4.94,1,R,Y,Y,157717,0,2,,C
20140304,9:29:55.247,Y,ACW,,4.4,1,4.71,1,R,Y,Y,157718,0,2,,C
20140304,9:29:55.323,Y,ACW,,4.4,2,4.71,1,R,Y,Y,157843,0,2,,C
20140304,9:29:55.323,Y,ACW,,4.4,2,4.71,2,R,Y,Y,157844,0,2,,C
20140304,9:30:00.083,P,ACW,,4.5,3,4.61,1,R,P,P,159221,6,2,,C
20140304,9:30:00.085,J,ACW,,0,0,5.76,1,R,J,J,159229,0,2,,C
20140304,9:30:00.085,J,ACW,,3.38,1,5.76,1,R,J,J,159232,0,2,,C
20140304,9:30:00.865,W,ACW,,4.41,1,0,0,R,W,W,161158,0,2,,C
20140304,9:30:00.866,W,ACW,,4.41,1,4.7,1,R,W,W,161159,0,2,,C
20140304,9:30:01.326,Z,ACW,,4.51,1,4.61,1,R,Z,Z,164891,6,2,,C
20140304,9:30:02.002,P,ACW,,4.52,3,4.61,1,R,P,P,166891,6,2,,C
20140304,9:30:05.326,Z,ACW,,4.49,1,4.61,1,R,Z,Z,172384,0,2,,C
20140304,9:30:08.894,W,ACW,,0,0,4.7,1,R,W,W,178407,0,2,,C
20140304,9:30:08.894,W,ACW,,4.43,1,4.7,1,R,W,W,178408,0,2,,C
20140304,9:30:16.855,Z,ACW,,4.53,1,4.61,1,R,Z,Z,191132,6,2,,C
20140304,9:30:16.855,P,ACW,,4.53,3,4.61,1,R,P,P,191133,6,2,,C
20140304,9:30:19.795,W,ACW,,0,0,4.7,1,R,W,W,193492,0,2,,C
20140304,9:30:19.795,W,ACW,,4.44,1,4.7,1,R,W,W,193493,0,2,,C
20140304,9:30:20.401,Z,ACW,,4.49,1,4.61,1,R,Z,Z,193870,0,2,,C
20140304,9:30:30.017,P,ACW,,4.59,4,4.61,1,R,P,P,201683,6,2,,C
20140304,9:30:30.019,Y,ACW,,4.4,1,4.71,2,R,Y,Y,201700,0,2,,C
20140304,9:30:30.019,Y,ACW,,4.26,1,4.71,2,R,Y,Y,201701,0,2,,C
20140304,9:30:30.019,Y,ACW,,4.26,1,4.71,1,R,Y,Y,201703,0,2,,C
20140304,9:30:30.019,Y,ACW,,4.26,1,4.94,1,R,Y,Y,201704,0,2,,C
20140304,9:30:30.066,Y,ACW,,4.49,1,4.94,1,R,Y,Y,201921,0,2,,C
20140304,9:30:30.066,Y,ACW,,4.49,1,4.71,1,R,Y,Y,201922,0,2,,C
20140304,9:30:30.103,Y,ACW,,4.49,2,4.71,1,R,Y,Y,202005,0,2,,C
20140304,9:30:30.103,Y,ACW,,4.49,2,4.71,2,R,Y,Y,202006,0,2,,C
20140304,9:30:30.249,W,ACW,,0,0,4.7,1,R,W,W,202150,0,2,,C
20140304,9:30:30.249,W,ACW,,4.5,1,4.7,1,R,W,W,202152,0,2,,C
20140304,9:30:31.109,P,ACW,,4.49,2,4.61,1,R,P,P,202810,6,2,,C
20140304,9:30:31.110,P,ACW,,4.5,3,4.61,1,R,P,P,202819,6,2,,C
20140304,9:30:31.111,Y,ACW,,4.49,1,4.71,2,R,Y,Y,202836,0,2,,C
20140304,9:30:31.111,Y,ACW,,4.18,1,4.71,2,R,Y,Y,202837,0,2,A,C
20140304,9:30:31.112,Y,ACW,,4.18,1,4.71,1,R,Y,Y,202838,0,2,A,C
20140304,9:30:31.112,Y,ACW,,4.18,1,4.94,1,R,Y,Y,202839,0,2,A,C
20140304,9:30:31.112,Y,ACW,,4.18,1,4.94,1,R,Y,Y,202840,0,2,,C
20140304,9:30:31.112,Y,ACW,,4.41,1,4.94,1,R,Y,Y,202841,0,2,,C
20140304,9:30:31.112,Y,ACW,,4.41,1,4.71,1,R,Y,Y,202842,0,2,,C
20140304,9:30:31.112,Z,ACW,,4.5,2,4.61,1,R,Z,Z,202844,0,2,,C
20140304,9:30:31.125,W,ACW,,0,0,4.7,1,R,W,W,202855,0,2,,C
20140304,9:30:31.126,W,ACW,,4.41,1,4.7,1,R,W,W,202857,0,2,,C
20140304,9:30:31.175,Y,ACW,,4.41,2,4.71,1,R,Y,Y,202874,0,2,,C
20140304,9:30:31.175,Y,ACW,,4.41,2,4.71,2,R,Y,Y,202875,0,2,,C
20140304,9:30:35.982,Z,ACW,,4.49,1,4.61,1,R,Z,Z,207195,0,2,,C
20140304,9:30:35.986,Z,ACW,,4.51,1,4.61,1,R,Z,Z,207200,6,2,,C
20140304,9:30:35.986,P,ACW,,4.52,3,4.61,1,R,P,P,207201,6,2,,C
20140304,9:30:36.035,W,ACW,,0,0,4.7,1,R,W,W,207239,0,2,,C
20140304,9:30:36.035,W,ACW,,4.43,1,4.7,1,R,W,W,207240,0,2,,C
20140304,9:30:37.468,Z,ACW,,4.49,1,4.61,1,R,Z,Z,208036,0,2,,C
20140304,9:30:37.469,Z,ACW,,4.53,1,4.61,1,R,Z,Z,208038,6,2,,C
20140304,9:30:37.469,P,ACW,,4.53,3,4.61,1,R,P,P,208039,6,2,,C
20140304,9:30:37.491,W,ACW,,0,0,4.7,1,R,W,W,208046,0,2,,C
20140304,9:30:37.491,W,ACW,,4.44,1,4.7,1,R,W,W,208047,0,2,,C
20140304,9:30:41.986,Z,ACW,,4.49,1,4.61,1,R,Z,Z,211500,0,2,,C
20140304,9:30:42.243,Z,ACW,,4.54,1,4.61,1,R,Z,Z,211580,6,2,,C
20140304,9:30:42.243,P,ACW,,4.49,1,4.61,1,R,P,P,211581,0,2,,C
20140304,9:30:42.293,W,ACW,,0,0,4.7,1,R,W,W,211588,0,2,,C
20140304,9:30:42.293,W,ACW,,4.45,1,4.7,1,R,W,W,211589,0,2,,C
20140304,9:30:45.156,T,ACW,,4.55,1,4.61,1,R,T,T,213940,6,2,,C
20140304,9:30:45.157,N,ACW,,4.6,1,4.62,8,O,N,N,213941,6,2,,C
20140304,9:30:45.157,Z,ACW,,4.49,1,4.61,1,R,Z,Z,213943,0,2,,C
20140304,9:30:45.158,J,ACW,,4.14,1,5.76,1,R,J,J,213944,0,2,,C
20140304,9:30:45.158,J,ACW,,4.27,1,5.76,1,R,J,J,213946,0,2,,C
20140304,9:30:45.158,N,ACW,,4.6,1,4.65,8,R,N,N,213947,0,2,,C
20140304,9:30:45.159,Y,ACW,,4.41,1,4.71,2,R,Y,Y,213948,0,2,,C
20140304,9:30:45.159,Y,ACW,,4.27,1,4.71,2,R,Y,Y,213949,0,2,,C
20140304,9:30:45.159,Y,ACW,,4.27,1,4.71,1,R,Y,Y,213950,0,2,,C
20140304,9:30:45.159,Y,ACW,,4.27,1,4.94,1,R,Y,Y,213951,0,2,,C
20140304,9:30:45.161,N,ACW,,4.6,1,4.65,8,R,N,N,213953,0,2,A,C
20140304,9:30:45.170,P,ACW,,4.6,1,4.61,1,R,P,P,213958,0,2,,C
20140304,9:30:45.171,N,ACW,,4.6,1,4.65,7,R,N,N,213959,6,2,,C
20140304,9:30:45.171,P,ACW,,4.49,1,4.61,1,R,P,P,213960,6,2,,C
20140304,9:30:45.173,N,ACW,,4.6,1,4.65,8,R,N,N,213961,0,2,,C
20140304,9:30:45.178,J,ACW,,4.27,1,4.94,1,R,J,J,213982,0,2,,C
20140304,9:30:45.188,N,ACW,,4.58,1,4.65,8,R,N,N,214007,6,2,,C
20140304,9:30:45.194,P,ACW,,4.58,1,4.61,1,R,P,P,214018,0,2,,C
20140304,9:30:45.195,D,ACW,,3.65,10,0,0,R,D,D,214022,0,1,A,C
20140304,9:30:45.195,D,ACW,,3.89,1,0,0,R,D,D,214023,0,1,A,C
20140304,9:30:45.196,D,ACW,,3.89,1,7,5,R,D,D,214027,0,1,A,C
20140304,9:30:45.196,P,ACW,,4.49,1,4.61,1,R,P,P,214028,0,0,A,C
20140304,9:30:45.196,D,ACW,,3.89,1,6,2,R,D,D,214029,0,1,A,C
20140304,9:30:45.196,P,ACW,,4.58,1,4.61,1,R,P,P,214030,0,0,A,C
20140304,9:30:45.200,P,ACW,,4.49,1,4.61,1,R,P,P,214031,0,0,A,C
20140304,9:30:45.205,Y,ACW,,4.48,1,4.94,1,R,Y,Y,214035,0,0,A,C
20140304,9:30:45.205,Y,ACW,,4.48,1,4.71,1,R,Y,Y,214037,0,0,A,C
20140304,9:30:45.210,N,ACW,,4.59,1,4.65,8,R,N,N,214041,6,0,A,C
20140304,9:30:45.211,N,ACW,,4.59,2,4.65,8,R,N,N,214042,6,0,A,C
20140304,9:30:45.212,N,ACW,,4.59,2,4.6,1,R,N,N,214043,1,0,A,C
20140304,9:30:45.216,N,ACW,,4.59,2,4.65,8,R,N,N,214049,6,0,A,C
20140304,9:30:45.229,N,ACW,,4.59,1,4.65,8,R,N,N,214059,6,0,A,C
20140304,9:30:45.239,Z,ACW,,4.49,1,4.61,1,R,Z,Z,214062,0,0,A,C
20140304,9:30:45.246,Z,ACW,,4.49,1,4.61,1,R,Z,Z,214063,0,0,A,C
20140304,9:30:45.247,Z,ACW,,4.49,1,4.61,1,R,Z,Z,214064,0,0,A,C
20140304,9:30:45.251,T,ACW,,4.49,1,4.61,1,R,T,T,214065,0,0,A,C
20140304,9:30:45.259,Y,ACW,,4.49,1,4.71,1,R,Y,Y,214071,0,0,A,C
20140304,9:30:45.259,Y,ACW,,4.49,1,4.71,2,R,Y,Y,214072,0,0,A,C
20140304,9:30:45.300,J,ACW,,4.6,1,4.94,1,R,J,J,214107,6,0,A,C
20140304,9:30:45.334,W,ACW,,0,0,4.7,1,R,W,W,214161,0,0,A,C
20140304,9:30:45.334,W,ACW,,4.51,1,4.7,1,R,W,W,214163,0,0,A,C
20140304,9:30:45.587,J,ACW,,4.6,1,4.74,1,R,J,J,214348,0,0,A,C
20140304,9:30:45.587,Y,ACW,,4.5,1,4.71,2,R,Y,Y,214349,0,0,A,C
20140304,9:30:45.587,Y,ACW,,4.5,1,4.7,1,R,Y,Y,214350,0,0,A,C
20140304,9:30:45.614,D,ACW,,4.5,1,6,2,R,D,D,214364,0,1,A,C
20140304,9:30:45.614,D,ACW,,4.5,1,4.7,1,R,D,D,214366,0,1,A,C
20140304,9:30:45.720,N,ACW,,4.59,1,4.63,1,R,N,N,214397,0,0,,C
20140304,9:30:53.843,T,ACW,,4.49,1,4.8,1,R,T,T,219644,0,0,,C
20140304,9:30:53.844,N,ACW,,4.59,2,4.63,1,R,N,N,219645,0,0,,C
20140304,9:30:53.892,T,ACW,,4.4,1,4.8,1,R,T,T,219756,0,0,,C
20140304,9:30:53.932,P,ACW,,4.49,1,4.67,1,R,P,P,219854,0,0,,C
20140304,9:30:53.936,P,ACW,,4.46,1,4.67,1,R,P,P,219877,0,0,,C
20140304,9:30:53.975,Z,ACW,,4.49,1,4.75,1,R,Z,Z,219908,0,0,,C
20140304,9:30:54.063,N,ACW,,4.59,3,4.63,1,R,N,N,220047,0,0,,C
20140304,9:30:54.172,K,ACW,,4.49,1,4.61,1,R,K,K,220095,0,0,,C
20140304,9:30:54.172,K,ACW,,4.5,1,4.61,1,R,K,K,220096,0,0,,C
20140304,9:30:54.172,T,ACW,,4.61,1,4.8,1,R,T,T,220098,6,0,,C
20140304,9:30:54.172,P,ACW,,4.51,1,4.67,1,R,P,P,220100,0,0,,C
20140304,9:30:54.172,N,ACW,,4.59,3,4.65,7,R,N,N,220101,0,0,,C
20140304,9:30:54.173,N,ACW,,4.59,3,4.64,1,R,N,N,220102,0,0,,C
20140304,9:30:54.211,W,ACW,,0,0,4.7,1,R,W,W,220111,0,0,,C
20140304,9:30:54.211,W,ACW,,4.52,1,4.7,1,R,W,W,220112,0,0,,C
20140304,9:30:54.249,K,ACW,,4.49,1,4.61,1,R,K,K,220126,0,0,,C
20140304,9:30:54.269,T,ACW,,4.4,1,4.8,1,R,T,T,220161,6,0,,C
20140304,9:30:54.270,N,ACW,,4.59,3,4.65,7,R,N,N,220162,0,0,,C
20140304,9:30:54.270,N,ACW,,4.59,3,4.63,1,R,N,N,220163,0,0,,C
20140304,9:30:54.292,W,ACW,,0,0,4.7,1,R,W,W,220173,0,0,,C
20140304,9:30:54.292,W,ACW,,4.51,1,4.7,1,R,W,W,220175,0,0,,C
20140304,9:30:54.299,N,ACW,,4.59,3,4.65,7,R,N,N,220190,0,0,,C
20140304,9:30:54.299,N,ACW,,4.59,3,4.65,8,R,N,N,220198,0,0,,C
20140304,9:30:54.299,N,ACW,,4.59,2,4.65,8,R,N,N,220201,0,0,,C
20140304,9:30:54.299,N,ACW,,4.6,1,4.65,8,R,N,N,220206,0,0,,C
20140304,9:30:54.300,K,ACW,,4.49,1,4.71,8,R,K,K,220268,6,0,,C
20140304,9:30:54.308,K,ACW,,4.38,6,4.71,8,R,K,K,220395,0,0,,C
20140304,9:30:54.309,P,ACW,,4.46,1,4.67,1,R,P,P,220402,0,0,,C
20140304,9:30:54.333,N,ACW,,4.6,1,4.64,1,R,N,N,220452,6,0,,C
20140304,9:30:54.360,W,ACW,,4.51,1,0,0,R,W,W,220517,0,0,,C
20140304,9:30:54.361,W,ACW,,4.51,1,4.73,1,R,W,W,220518,0,0,,C
20140304,9:30:54.640,Z,ACW,,4.46,1,4.75,1,R,Z,Z,220898,0,0,,C
20140304,9:30:55.173,N,ACW,,4.6,2,4.64,1,R,N,N,221407,1,0,,C
20140304,9:30:55.267,N,ACW,,4.6,1,4.64,1,R,N,N,221475,6,0,,C
20140304,9:30:55.546,P,ACW,,4.46,1,4.76,1,R,P,P,221647,0,0,,C
20140304,9:30:55.549,P,ACW,,4.46,1,4.73,1,R,P,P,221650,0,0,,C
20140304,9:30:57.146,P,ACW,,4.46,1,4.76,1,R,P,P,222439,0,0,,C
20140304,9:30:58.776,N,ACW,,4.59,2,4.64,1,R,N,N,223496,0,0,,C
20140304,9:30:58.776,N,ACW,,4.59,3,4.64,1,R,N,N,223497,0,0,,C
20140304,9:30:58.790,N,ACW,,4.6,1,4.64,1,R,N,N,223507,0,0,,C
20140304,9:31:04.685,N,ACW,,4.6,2,4.64,1,R,N,N,231626,1,0,,C
20140304,9:31:06.282,N,ACW,,4.6,3,4.64,1,R,N,N,234877,1,0,,C
20140304,9:31:15.223,T,ACW,,4.58,1,4.8,1,R,T,T,248728,0,0,,C
20140304,9:31:15.223,T,ACW,,4.58,1,4.68,1,R,T,T,248729,0,0,,C
20140304,9:31:15.223,Z,ACW,,4.58,1,4.68,1,R,Z,Z,248731,0,0,,C
20140304,9:31:15.223,Y,ACW,,4.5,1,4.7,1,R,Y,Y,248732,0,0,,C
20140304,9:31:15.223,P,ACW,,4.48,1,4.76,1,R,P,P,248734,0,0,,C
20140304,9:31:16.349,P,ACW,,4.48,2,4.74,1,R,P,P,250372,0,0,,C
20140304,9:31:16.750,B,ACW,,4.6,1,0,0,R,B,B,250781,0,0,,C
20140304,9:31:19.380,N,ACW,,4.6,3,4.65,7,R,N,N,254372,1,0,,C
20140304,9:31:19.384,W,ACW,,4.51,1,0,0,R,W,W,254375,0,0,,C
20140304,9:31:19.385,W,ACW,,4.51,1,4.74,1,R,W,W,254377,0,0,,C
20140304,9:31:19.388,P,ACW,,4.6,1,4.74,1,R,P,P,254390,0,0,,C
20140304,9:31:19.496,Y,ACW,,4.5,1,4.71,2,R,Y,Y,254762,0,0,,C
20140304,9:31:19.537,D,ACW,,4.5,1,6,2,R,D,D,254883,0,1,A,C
20140304,9:31:19.577,Y,ACW,,4.5,1,4.71,2,R,Y,Y,255082,0,0,A,C
20140304,9:31:19.577,N,ACW,,4.6,3,4.65,7,R,N,N,255084,0,0,A,C
20140304,9:31:20.424,D,ACW,,4.5,1,4.73,1,R,D,D,256500,0,1,A,C
20140304,9:31:33.908,P,ACW,,4.6,1,4.76,1,R,P,P,277029,0,0,,C
20140304,9:31:47.137,N,ACW,,4.6,3,4.65,5,R,N,N,293203,1,0,A,C
20140304,9:31:47.138,Z,ACW,,4.61,1,4.68,1,R,Z,Z,293204,6,0,,C
20140304,9:31:47.138,Y,ACW,,4.5,1,4.71,2,R,Y,Y,293205,0,0,A,C
20140304,9:31:47.139,N,ACW,,4.6,4,4.65,5,R,N,N,293206,0,0,A,C
20140304,9:31:47.139,N,ACW,,4.6,4,4.67,2,R,N,N,293207,6,0,,C
20140304,9:31:47.140,T,ACW,,4.58,1,4.8,1,R,T,T,293208,0,0,,C
20140304,9:31:47.140,Z,ACW,,4.61,1,4.75,1,R,Z,Z,293209,0,0,,C
20140304,9:31:47.140,N,ACW,,4.6,4,4.67,1,R,N,N,293210,6,0,,C
20140304,9:31:47.140,Z,ACW,,4.61,1,4.8,1,R,Z,Z,293211,0,0,,C
20140304,9:31:47.141,N,ACW,,4.6,3,4.67,1,R,N,N,293212,0,0,,C
20140304,9:31:47.141,N,ACW,,4.64,1,4.67,1,R,N,N,293213,1,0,,C
20140304,9:31:47.141,P,ACW,,4.54,1,4.76,1,R,P,P,293214,0,0,,C
20140304,9:31:47.141,N,ACW,,4.64,1,4.68,2,R,N,N,293215,1,0,,C
20140304,9:31:47.141,Y,ACW,,4.5,1,4.71,1,R,Y,Y,293216,0,0,A,C
20140304,9:31:47.141,Y,ACW,,4.5,1,4.74,1,R,Y,Y,293217,0,0,A,C
20140304,9:31:47.141,T,ACW,,4.62,1,4.8,1,R,T,T,293218,0,0,,C
20140304,9:31:47.142,N,ACW,,4.64,1,4.68,1,R,N,N,293220,1,0,,C
20140304,9:31:47.150,W,ACW,,0,0,4.74,1,R,W,W,293226,0,0,,C
20140304,9:31:47.150,W,ACW,,0,0,0,0,R,W,W,293227,0,0,,C
20140304,9:31:47.150,W,ACW,,4.55,1,0,0,R,W,W,293228,0,0,,C
20140304,9:31:47.150,W,ACW,,4.55,1,4.77,1,R,W,W,293229,0,0,,C
20140304,9:31:47.154,P,ACW,,4.64,1,4.76,1,R,P,P,293233,0,0,,C
20140304,9:31:47.154,N,ACW,,4.61,1,4.68,1,R,N,N,293234,6,0,,C
20140304,9:31:47.154,N,ACW,,4.63,1,4.68,1,R,N,N,293235,0,0,,C
20140304,9:31:47.222,Y,ACW,,4.54,1,4.74,1,R,Y,Y,293285,0,0,A,C
20140304,9:31:47.232,Y,ACW,,4.54,2,4.74,1,R,Y,Y,293290,0,0,A,C
20140304,9:31:47.233,T,ACW,,4.58,1,4.8,1,R,T,T,293291,0,0,,C
20140304,9:31:47.235,N,ACW,,4.63,1,4.69,1,R,N,N,293292,6,0,,C
20140304,9:31:47.235,N,ACW,,4.61,2,4.69,1,R,N,N,293293,0,0,,C
20140304,9:31:47.235,N,ACW,,4.64,1,4.69,1,R,N,N,293294,0,0,,C
20140304,9:31:47.237,P,ACW,,4.64,1,4.77,2,R,P,P,293296,6,0,,C
20140304,9:31:47.260,W,ACW,,4.55,1,0,0,R,W,W,293318,0,0,,C
20140304,9:31:47.260,W,ACW,,4.55,1,4.78,1,R,W,W,293319,0,0,,C
20140304,9:31:47.276,D,ACW,,4.5,1,6,2,R,D,D,293355,0,1,A,C
20140304,9:31:47.294,T,ACW,,4.58,1,4.72,1,R,T,T,293375,0,0,A,C
20140304,9:31:47.294,Z,ACW,,4.61,1,4.72,1,R,Z,Z,293376,0,0,A,C
20140304,9:31:47.294,J,ACW,,4.6,1,4.74,2,R,J,J,293377,0,0,A,C
20140304,9:31:47.294,Y,ACW,,4.54,2,4.74,2,R,Y,Y,293378,0,0,A,C
20140304,9:31:47.294,J,ACW,,4.6,1,4.74,1,R,J,J,293379,0,0,A,C
20140304,9:31:47.294,Y,ACW,,4.54,2,4.74,1,R,Y,Y,293380,0,0,A,C
20140304,9:31:47.301,P,ACW,,4.64,1,4.7,1,R,P,P,293382,0,0,A,C
20140304,9:31:47.386,T,ACW,,4.62,1,4.72,1,R,T,T,293620,0,0,A,C
20140304,9:31:47.386,Z,ACW,,4.62,1,4.72,1,R,Z,Z,293621,0,0,A,C
20140304,9:31:47.388,J,ACW,,4.6,1,5,1,R,J,J,293622,0,0,A,C
20140304,9:31:47.388,Y,ACW,,4.54,2,4.78,2,R,Y,Y,293623,0,0,A,C
20140304,9:31:47.756,N,ACW,,4.64,1,4.7,1,R,N,N,293875,6,0,A,C
20140304,9:31:47.759,W,ACW,,4.55,1,0,0,R,W,W,293876,0,0,A,C
20140304,9:31:47.759,W,ACW,,4.55,1,4.79,1,R,W,W,293877,0,0,A,C
20140304,9:31:48.106,D,ACW,,4.5,1,4.78,1,R,D,D,294444,0,1,A,C
20140304,9:31:48.146,J,ACW,,4.6,1,4.78,1,R,J,J,294563,0,0,,C
20140304,9:31:48.324,D,ACW,,3.89,1,4.78,1,R,D,D,294877,0,1,A,C
20140304,9:31:48.531,N,ACW,,4.62,1,4.7,1,R,N,N,295039,0,0,,C
20140304,9:31:48.531,N,ACW,,4.63,1,4.7,1,R,N,N,295040,0,0,,C
20140304,9:31:48.532,T,ACW,,4.58,1,4.72,1,R,T,T,295041,0,0,,C
20140304,9:31:48.532,Z,ACW,,4.61,1,4.72,1,R,Z,Z,295042,0,0,,C
20140304,9:31:48.682,T,ACW,,4.6,1,4.72,1,R,T,T,295172,0,0,,C
20140304,9:31:49.046,Y,ACW,,4.55,1,4.78,2,R,Y,Y,295489,0,0,A,C
20140304,9:31:49.105,B,ACW,,0,0,0,0,R,B,B,295612,0,0,,C
20140304,9:31:49.106,Y,ACW,,4.55,1,4.78,2,R,Y,Y,295613,0,0,,C
20140304,9:31:49.108,J,ACW,,4.5,1,4.78,1,R,J,J,295637,0,0,,C
20140304,9:31:49.165,B,ACW,,4.64,2,0,0,R,B,B,295720,6,0,,C
20140304,9:31:49.198,D,ACW,,4.56,1,4.78,1,R,D,D,295762,0,1,A,C
20140304,9:31:49.316,T,ACW,,4.62,1,4.72,1,R,T,T,295852,0,0,,C
20140304,9:31:49.316,Z,ACW,,4.62,1,4.72,1,R,Z,Z,295853,0,0,,C
20140304,9:31:51.086,Z,ACW,,4.65,1,4.72,1,R,Z,Z,297444,6,0,,C
20140304,9:31:51.086,N,ACW,,4.62,3,4.7,1,R,N,N,297445,0,0,,C
20140304,9:31:51.086,N,ACW,,4.64,1,4.7,1,R,N,N,297447,0,0,,C
20140304,9:31:51.089,P,ACW,,4.54,1,4.7,1,R,P,P,297449,6,0,,C
20140304,9:31:51.095,N,ACW,,4.65,1,4.7,1,R,N,N,297453,6,0,,C
20140304,9:31:51.107,P,ACW,,4.54,1,4.77,2,R,P,P,297459,6,0,,C
20140304,9:31:51.108,Y,ACW,,4.55,1,4.78,2,R,Y,Y,297462,0,0,A,C
20140304,9:31:51.108,T,ACW,,4.62,1,4.8,1,R,T,T,297463,0,0,,C
20140304,9:31:51.108,Z,ACW,,4.65,1,4.8,1,R,Z,Z,297464,6,0,,C
20140304,9:31:51.108,Y,ACW,,4.55,1,4.78,2,R,Y,Y,297465,0,0,A,C
20140304,9:31:51.108,Y,ACW,,4.55,1,4.78,2,R,Y,Y,297466,0,0,A,C
20140304,9:31:51.109,Y,ACW,,4.55,1,4.78,2,R,Y,Y,297467,0,0,A,C
20140304,9:31:51.145,W,ACW,,0,0,4.79,1,R,W,W,297478,0,0,,C
20140304,9:31:51.145,W,ACW,,4.56,1,4.79,1,R,W,W,297480,0,0,,C
20140304,9:31:51.259,T,ACW,,4.62,1,4.74,1,R,T,T,297549,0,0,,C
20140304,9:31:51.259,J,ACW,,4.5,1,4.78,2,R,J,J,297550,0,0,,C
20140304,9:31:51.259,Z,ACW,,4.65,1,4.74,1,R,Z,Z,297551,0,0,,C
20140304,9:31:51.259,Y,ACW,,4.55,1,4.78,2,R,Y,Y,297552,0,0,A,C
20140304,9:31:51.259,J,ACW,,4.5,1,4.78,1,R,J,J,297553,0,0,,C
20140304,9:31:51.438,N,ACW,,4.65,1,4.71,31,R,N,N,297651,6,0,,C
20140304,9:31:51.452,P,ACW,,4.65,1,4.77,2,R,P,P,297656,0,0,,C
20140304,9:31:51.453,P,ACW,,4.54,1,4.77,2,R,P,P,297657,0,0,,C
20140304,9:31:51.461,W,ACW,,4.56,1,0,0,R,W,W,297658,0,0,,C
20140304,9:31:51.461,W,ACW,,4.56,1,4.8,1,R,W,W,297659,0,0,,C
20140304,9:31:51.473,P,ACW,,4.65,1,4.77,2,R,P,P,297661,0,0,,C
20140304,9:31:51.475,P,ACW,,4.54,1,4.77,2,R,P,P,297662,0,0,,C
20140304,9:31:51.504,N,ACW,,4.65,1,4.71,13,R,N,N,297727,6,0,,C
20140304,9:31:51.509,N,ACW,,4.66,1,4.71,13,R,N,N,297729,1,0,,C
20140304,9:31:51.516,W,ACW,,0,0,4.8,1,R,W,W,297739,0,0,,C
20140304,9:31:51.516,P,ACW,,4.66,1,4.77,2,R,P,P,297740,0,0,,C
20140304,9:31:51.517,W,ACW,,4.57,1,4.8,1,R,W,W,297741,0,0,,C
20140304,9:31:51.668,T,ACW,,4.64,1,4.74,1,R,T,T,297810,0,0,,C
20140304,9:31:52.018,N,ACW,,4.66,1,4.71,14,R,N,N,298230,6,0,,C
20140304,9:31:52.044,N,ACW,,4.66,1,4.7,1,R,N,N,298290,6,0,,C
20140304,9:31:52.095,W,ACW,,4.57,1,0,0,R,W,W,298372,0,0,,C
20140304,9:31:52.096,W,ACW,,4.57,1,4.79,1,R,W,W,298373,0,0,,C
20140304,9:31:53.046,B,ACW,,0,0,0,0,R,B,B,299368,0,0,,C
20140304,9:31:53.047,Y,ACW,,4.55,1,4.78,2,R,Y,Y,299369,0,0,,C
20140304,9:31:53.091,T,ACW,,4.66,1,4.74,1,R,T,T,299401,0,0,,C
20140304,9:31:53.092,J,ACW,,4.66,1,4.78,1,R,J,J,299402,0,0,,C
20140304,9:31:53.092,Z,ACW,,4.64,1,4.74,1,R,Z,Z,299403,0,0,,C
20140304,9:31:53.093,Z,ACW,,4.67,1,4.74,1,R,Z,Z,299406,6,0,,C
20140304,9:31:53.138,W,ACW,,0,0,4.79,1,R,W,W,299457,0,0,,C
20140304,9:31:53.138,W,ACW,,4.58,1,4.79,1,R,W,W,299458,0,0,,C
20140304,9:31:53.846,Y,ACW,,4.54,2,4.78,2,R,Y,Y,300066,0,0,,C
20140304,9:31:54.746,Y,ACW,,4.58,1,4.78,2,R,Y,Y,301650,0,0,,C
20140304,9:31:54.762,T,ACW,,4.64,1,4.74,1,R,T,T,301670,0,0,,C
20140304,9:31:54.762,J,ACW,,4.5,1,4.78,1,R,J,J,301671,0,0,,C
20140304,9:31:54.803,N,ACW,,4.67,1,4.7,1,R,N,N,301696,0,0,,C
20140304,9:31:54.803,J,ACW,,4.67,1,4.78,1,R,J,J,301697,0,0,,C
20140304,9:31:54.805,N,ACW,,4.67,1,4.71,14,R,N,N,301701,6,0,,C
20140304,9:31:54.807,N,ACW,,4.67,1,4.71,13,R,N,N,301703,6,0,,C
20140304,9:31:54.811,P,ACW,,4.67,1,4.77,2,R,P,P,301704,0,0,,C
20140304,9:31:54.813,W,ACW,,4.58,1,0,0,R,W,W,301706,0,0,,C
20140304,9:31:54.813,W,ACW,,4.58,1,4.8,1,R,W,W,301707,0,0,,C
20140304,9:31:54.815,N,ACW,,4.67,1,4.71,14,R,N,N,301711,6,0,,C
20140304,9:31:54.820,P,ACW,,4.67,2,4.77,2,R,P,P,301717,6,0,,C
20140304,9:31:54.822,N,ACW,,4.67,1,4.71,13,R,N,N,301718,6,0,,C
20140304,9:31:54.822,P,ACW,,4.67,1,4.77,2,R,P,P,301719,6,0,,C
20140304,9:31:54.824,N,ACW,,4.67,1,4.71,14,R,N,N,301721,6,0,,C
20140304,9:31:54.847,P,ACW,,4.67,2,4.77,2,R,P,P,301738,6,0,,C
20140304,9:31:54.848,P,ACW,,4.67,1,4.77,2,R,P,P,301739,6,0,,C
20140304,9:31:54.885,N,ACW,,4.68,1,4.71,14,R,N,N,301779,1,0,,C
20140304,9:31:54.886,N,ACW,,4.68,1,4.71,13,R,N,N,301780,1,0,,C
20140304,9:31:54.890,W,ACW,,0,0,4.8,1,R,W,W,301782,0,0,,C
20140304,9:31:54.890,W,ACW,,4.59,1,4.8,1,R,W,W,301783,0,0,,C
20140304,9:31:55.034,Z,ACW,,4.64,1,4.74,1,R,Z,Z,301884,0,0,,C
20140304,9:31:55.034,N,ACW,,4.68,1,4.71,14,R,N,N,301898,1,0,,C
20140304,9:31:56.108,N,ACW,,4.68,1,4.71,13,R,N,N,303080,1,0,,C
20140304,9:31:56.578,J,ACW,,4.5,1,4.78,1,R,J,J,303569,0,0,,C
20140304,9:31:56.580,N,ACW,,4.68,1,4.71,14,R,N,N,303577,1,0,,C
20140304,9:31:56.618,B,ACW,,4.68,2,0,0,R,B,B,303594,6,0,,C
20140304,9:31:56.696,J,ACW,,4.32,1,4.78,1,R,J,J,303667,0,0,,C
20140304,9:31:56.768,T,ACW,,4.66,1,4.74,1,R,T,T,303950,0,0,,C
20140304,9:31:56.768,Z,ACW,,4.66,1,4.74,1,R,Z,Z,303952,0,0,,C
20140304,9:31:56.769,N,ACW,,4.68,1,4.71,13,R,N,N,303955,6,0,,C
20140304,9:31:57.596,J,ACW,,4.58,1,4.78,1,R,J,J,306466,0,0,,C
20140304,9:32:17.503,N,ACW,,4.68,1,4.71,11,R,N,N,335224,6,0,,C
20140304,9:32:17.533,D,ACW,,4.56,1,6,2,R,D,D,335230,0,1,A,C
20140304,9:32:18.433,D,ACW,,4.56,1,4.79,1,R,D,D,336359,0,1,A,C
20140304,9:32:26.926,P,ACW,,4.68,1,4.77,2,R,P,P,345944,0,0,,C
20140304,9:32:27.541,N,ACW,,4.68,1,4.72,1,R,N,N,346474,6,0,,C
20140304,9:32:27.541,T,ACW,,4.69,1,4.74,1,R,T,T,346475,6,0,,C
20140304,9:32:27.542,Y,ACW,,4.58,1,4.78,2,R,Y,Y,346476,0,0,,C
20140304,9:32:27.542,T,ACW,,4.69,1,4.89,1,R,T,T,346477,0,0,,C
20140304,9:32:27.542,Z,ACW,,4.66,1,4.82,1,R,Z,Z,346478,0,0,,C
20140304,9:32:27.542,Y,ACW,,4.58,1,4.78,2,R,Y,Y,346479,0,0,,C
20140304,9:32:27.555,K,ACW,,4.38,6,4.71,2,R,K,K,346487,6,0,,C
20140304,9:32:27.556,N,ACW,,4.68,1,4.73,2,R,N,N,346488,0,0,,C
20140304,9:32:27.556,W,ACW,,0,0,4.8,1,R,W,W,346489,0,0,,C
20140304,9:32:27.556,W,ACW,,4.6,1,4.8,1,R,W,W,346490,0,0,,C
20140304,9:32:27.637,T,ACW,,4.66,1,4.89,1,R,T,T,346603,6,0,,C
20140304,9:32:27.669,W,ACW,,0,0,4.8,1,R,W,W,346645,0,0,,C
20140304,9:32:27.670,W,ACW,,4.59,1,4.8,1,R,W,W,346646,0,0,,C
20140304,9:32:27.692,T,ACW,,4.66,1,4.76,1,R,T,T,346687,0,0,,C
20140304,9:32:27.692,J,ACW,,4.58,1,4.78,2,R,J,J,346688,0,0,,C
20140304,9:32:27.692,J,ACW,,4.58,1,4.78,1,R,J,J,346689,0,0,,C
20140304,9:32:27.692,Y,ACW,,4.58,1,4.78,3,R,Y,Y,346690,0,0,,C
20140304,9:32:27.692,Y,ACW,,4.58,1,4.78,2,R,Y,Y,346691,0,0,,C
20140304,9:32:27.693,Z,ACW,,4.66,1,4.76,1,R,Z,Z,346692,0,0,,C
20140304,9:32:27.693,J,ACW,,4.58,1,5,1,R,J,J,346693,0,0,,C
20140304,9:32:28.383,N,ACW,,4.68,2,4.73,2,R,N,N,347128,0,0,,C
20140304,9:32:28.617,J,ACW,,4.58,1,4.81,1,R,J,J,347722,0,0,,C
20140304,9:32:29.397,D,ACW,,3.89,1,4.79,1,R,D,D,348906,0,1,A,C
20140304,9:32:30.299,D,ACW,,4.58,1,4.79,1,R,D,D,350378,0,1,A,C
20140304,9:32:33.530,N,ACW,,4.68,2,4.73,1,R,N,N,354135,0,0,,C
20140304,9:32:43.283,K,ACW,,4.38,6,4.75,1,R,K,K,365537,6,0,,C
20140304,9:32:43.283,K,ACW,,4.69,1,4.75,1,R,K,K,365538,6,0,,C
20140304,9:32:43.284,T,ACW,,4.69,1,4.76,1,R,T,T,365539,0,0,,C
20140304,9:32:43.284,N,ACW,,4.68,3,4.73,1,R,N,N,365540,0,0,,C
20140304,9:32:43.284,Z,ACW,,4.69,1,4.76,1,R,Z,Z,365541,0,0,,C
20140304,9:32:43.284,P,ACW,,4.68,1,4.77,1,R,P,P,365542,0,0,,C
20140304,9:32:43.284,N,ACW,,4.68,4,4.73,1,R,N,N,365543,0,0,,C
20140304,9:32:43.286,Y,ACW,,4.58,1,4.78,2,R,Y,Y,365546,0,0,A,C
20140304,9:32:43.286,P,ACW,,4.6,1,4.77,1,R,P,P,365547,0,0,,C
20140304,9:32:43.291,N,ACW,,4.69,1,4.73,1,R,N,N,365548,0,0,,C
20140304,9:32:43.292,N,ACW,,4.69,2,4.73,1,R,N,N,365549,1,0,,C
20140304,9:32:43.293,W,ACW,,4.59,1,0,0,R,W,W,365550,0,0,,C
20140304,9:32:43.293,W,ACW,,0,0,0,0,R,W,W,365551,0,0,,C
20140304,9:32:43.293,W,ACW,,4.6,1,0,0,R,W,W,365552,0,0,,C
20140304,9:32:43.293,W,ACW,,4.6,1,4.82,1,R,W,W,365553,0,0,,C
20140304,9:32:43.310,N,ACW,,4.7,1,4.73,1,R,N,N,365555,1,0,,C
20140304,9:32:43.312,Y,ACW,,4.58,1,4.78,1,R,Y,Y,365556,0,0,A,C
20140304,9:32:43.312,Y,ACW,,4.58,1,4.8,1,R,Y,Y,365557,0,0,A,C
20140304,9:32:43.318,P,ACW,,4.7,1,4.77,1,R,P,P,365558,0,0,,C
20140304,9:32:43.321,W,ACW,,0,0,4.82,1,R,W,W,365559,0,0,,C
20140304,9:32:43.322,W,ACW,,4.61,1,4.82,1,R,W,W,365560,0,0,,C
20140304,9:32:43.358,Y,ACW,,4.6,1,4.8,1,R,Y,Y,365568,0,0,A,C
20140304,9:32:43.374,T,ACW,,4.66,1,4.76,1,R,T,T,365572,0,0,,C
20140304,9:32:43.392,Y,ACW,,4.6,2,4.8,1,R,Y,Y,365579,0,0,A,C
20140304,9:32:43.434,K,ACW,,4.38,6,4.75,1,R,K,K,365606,0,0,,C
20140304,9:32:43.470,T,ACW,,4.68,1,4.76,1,R,T,T,365663,0,0,,C
20140304,9:32:43.546,N,ACW,,4.7,1,4.75,1,R,N,N,365737,6,0,,C
20140304,9:32:43.546,T,ACW,,4.71,1,4.76,1,R,T,T,365738,6,0,,C
20140304,9:32:43.547,T,ACW,,4.71,1,4.89,1,R,T,T,365739,0,0,,C
20140304,9:32:43.547,Z,ACW,,4.69,1,4.88,1,R,Z,Z,365740,0,0,,C
20140304,9:32:43.547,Y,ACW,,4.6,2,4.8,1,R,Y,Y,365741,0,0,A,C
20140304,9:32:43.547,P,ACW,,4.7,1,4.75,1,R,P,P,365742,0,0,,C
20140304,9:32:43.547,P,ACW,,4.7,1,4.76,1,R,P,P,365743,0,0,,C
20140304,9:32:43.547,N,ACW,,4.7,1,4.75,2,R,N,N,365744,6,0,,C
20140304,9:32:43.548,N,ACW,,4.7,1,4.75,1,R,N,N,365745,6,0,,C
20140304,9:32:43.548,Y,ACW,,4.6,2,4.83,2,R,Y,Y,365746,0,0,A,C
20140304,9:32:43.549,P,ACW,,4.7,1,4.77,2,R,P,P,365747,0,0,,C
20140304,9:32:43.549,P,ACW,,4.61,1,4.77,2,R,P,P,365748,0,0,,C
20140304,9:32:43.549,K,ACW,,4.38,7,4.75,1,R,K,K,365749,6,0,,C
20140304,9:32:43.551,P,ACW,,4.61,1,4.77,1,R,P,P,365750,0,0,,C
20140304,9:32:43.554,N,ACW,,4.71,1,4.75,1,R,N,N,365751,6,0,,C
20140304,9:32:43.556,N,ACW,,4.71,1,4.76,1,R,N,N,365752,0,0,,C
20140304,9:32:43.563,P,ACW,,4.71,1,4.77,1,R,P,P,365755,0,0,,C
20140304,9:32:43.564,T,ACW,,4.71,1,4.9,1,R,T,T,365759,6,0,,C
20140304,9:32:43.565,P,ACW,,4.61,1,4.77,1,R,P,P,365760,0,0,,C
20140304,9:32:43.579,D,ACW,,4.58,1,6,2,R,D,D,365766,0,1,A,C
20140304,9:32:43.584,P,ACW,,4.71,1,4.77,1,R,P,P,365767,0,0,A,C
20140304,9:32:43.585,P,ACW,,4.61,1,4.77,1,R,P,P,365768,0,0,A,C
20140304,9:32:43.586,T,ACW,,4.66,1,4.9,1,R,T,T,365771,0,0,A,C
20140304,9:32:43.589,N,ACW,,4.71,1,4.75,1,R,N,N,365779,0,0,A,C
20140304,9:32:43.598,W,ACW,,0,0,4.82,1,R,W,W,365784,0,0,A,C
20140304,9:32:43.598,W,ACW,,0,0,0,0,R,W,W,365785,0,0,A,C
20140304,9:32:43.599,W,ACW,,4.62,1,0,0,R,W,W,365787,0,0,A,C
20140304,9:32:43.599,W,ACW,,4.62,1,4.84,1,R,W,W,365788,0,0,A,C
20140304,9:32:43.615,N,ACW,,4.71,2,4.75,1,R,N,N,365798,6,0,A,C
20140304,9:32:43.706,T,ACW,,4.68,1,4.9,1,R,T,T,365855,0,0,A,C
20140304,9:32:43.741,T,ACW,,4.68,1,4.78,1,R,T,T,365874,0,0,A,C
20140304,9:32:43.742,Z,ACW,,4.69,1,4.78,1,R,Z,Z,365875,0,0,A,C
20140304,9:32:43.742,Y,ACW,,4.6,2,4.81,1,R,Y,Y,365876,0,0,A,C
20140304,9:32:43.742,Y,ACW,,4.6,2,4.83,2,R,Y,Y,365877,0,0,A,C
20140304,9:32:44.347,P,ACW,,4.61,1,4.78,1,R,P,P,366644,0,0,A,C
20140304,9:32:44.349,N,ACW,,4.71,2,4.76,1,R,N,N,366645,0,0,A,C
20140304,9:32:44.350,T,ACW,,4.68,1,4.9,1,R,T,T,366646,0,0,A,C
20140304,9:32:44.350,Z,ACW,,4.69,1,4.88,1,R,Z,Z,366648,0,0,A,C
20140304,9:32:44.350,Y,ACW,,4.6,2,4.83,2,R,Y,Y,366649,0,0,A,C
20140304,9:32:44.350,Y,ACW,,4.6,2,4.83,2,R,Y,Y,366650,0,0,A,C
20140304,9:32:44.350,Y,ACW,,4.6,2,4.83,2,R,Y,Y,366651,0,0,A,C
20140304,9:32:44.371,D,ACW,,4.58,1,4.83,1,R,D,D,366661,0,1,A,C
20140304,9:32:44.500,T,ACW,,4.68,1,4.8,1,R,T,T,366723,0,0,,C
20140304,9:32:44.500,Y,ACW,,4.6,2,4.81,1,R,Y,Y,366724,0,0,A,C
20140304,9:32:44.500,Y,ACW,,4.6,2,4.83,2,R,Y,Y,366725,0,0,A,C
20140304,9:32:44.500,J,ACW,,4.58,1,4.81,2,R,J,J,366726,0,0,,C
20140304,9:32:44.500,J,ACW,,4.58,1,4.81,1,R,J,J,366727,0,0,,C
20140304,9:32:44.501,Z,ACW,,4.69,1,4.8,1,R,Z,Z,366729,0,0,,C
20140304,9:32:44.501,J,ACW,,4.58,1,5.07,1,R,J,J,366730,0,0,,C
20140304,9:32:44.888,B,ACW,,0,0,0,0,R,B,B,366933,0,0,,C
20140304,9:32:44.888,Y,ACW,,4.6,2,4.83,2,R,Y,Y,366934,0,0,,C
20140304,9:32:44.927,P,ACW,,4.71,1,4.78,1,R,P,P,366948,0,0,,C
20140304,9:32:44.927,N,ACW,,4.71,3,4.76,1,R,N,N,366949,6,0,,C
20140304,9:32:44.937,N,ACW,,4.72,1,4.76,1,R,N,N,366961,6,0,,C
20140304,9:32:44.945,P,ACW,,4.72,1,4.78,1,R,P,P,366994,0,0,,C
20140304,9:32:44.952,W,ACW,,0,0,4.84,1,R,W,W,366998,0,0,,C
20140304,9:32:44.952,W,ACW,,4.63,1,4.84,1,R,W,W,366999,0,0,,C
20140304,9:32:45.054,Z,ACW,,4.68,1,4.8,1,R,Z,Z,367165,0,0,,C
20140304,9:32:45.097,T,ACW,,4.7,1,4.8,1,R,T,T,367309,0,0,,C
20140304,9:32:45.097,Z,ACW,,4.7,1,4.8,1,R,Z,Z,367310,0,0,,C
20140304,9:32:45.416,J,ACW,,4.58,1,4.84,1,R,J,J,367594,0,0,,C
20140304,9:32:46.549,B,ACW,,4.72,2,0,0,R,B,B,368956,6,0,,C
20140304,9:32:47.877,K,ACW,,4.38,7,4.85,4,R,K,K,370696,6,0,,C
20140304,9:32:47.877,K,ACW,,4.73,1,4.85,4,R,K,K,370700,6,0,,C
20140304,9:32:47.878,T,ACW,,4.73,1,4.8,1,R,T,T,370701,0,0,,C
20140304,9:32:47.878,Z,ACW,,4.73,1,4.8,1,R,Z,Z,370702,0,0,,C
20140304,9:32:47.878,N,ACW,,4.72,1,4.77,1,R,N,N,370703,6,0,,C
20140304,9:32:47.879,N,ACW,,4.72,2,4.77,1,R,N,N,370704,0,0,,C
20140304,9:32:47.881,P,ACW,,4.72,1,4.79,1,R,P,P,370706,0,0,,C
20140304,9:32:47.881,P,ACW,,4.61,1,4.79,1,R,P,P,370707,0,0,,C
20140304,9:32:47.882,W,ACW,,4.63,1,0,0,R,W,W,370708,0,0,,C
20140304,9:32:47.882,W,ACW,,0,0,0,0,R,W,W,370709,0,0,,C
20140304,9:32:47.882,W,ACW,,4.64,1,0,0,R,W,W,370710,0,0,,C
20140304,9:32:47.882,W,ACW,,4.64,1,4.87,1,R,W,W,370711,0,0,,C
20140304,9:32:47.885,N,ACW,,4.73,1,4.77,1,R,N,N,370714,0,0,,C
20140304,9:32:47.887,N,ACW,,4.73,1,4.78,1,R,N,N,370715,6,0,,C
20140304,9:32:47.887,N,ACW,,4.74,1,4.78,1,R,N,N,370716,1,0,,C
20140304,9:32:47.887,Y,ACW,,4.6,2,4.83,2,R,Y,Y,370717,0,0,A,C
20140304,9:32:47.888,T,ACW,,4.73,1,4.9,1,R,T,T,370718,0,0,,C
20140304,9:32:47.888,Z,ACW,,4.73,1,4.88,1,R,Z,Z,370719,0,0,,C
20140304,9:32:47.888,Y,ACW,,4.6,2,4.83,2,R,Y,Y,370720,0,0,A,C
20140304,9:32:47.888,P,ACW,,4.61,1,4.8,1,R,P,P,370721,0,0,,C
20140304,9:32:47.888,Y,ACW,,4.6,2,4.83,2,R,Y,Y,370722,0,0,A,C
20140304,9:32:47.892,W,ACW,,0,0,4.87,1,R,W,W,370723,0,0,,C
20140304,9:32:47.892,W,ACW,,0,0,0,0,R,W,W,370724,0,0,,C
20140304,9:32:47.892,W,ACW,,0,0,4.88,1,R,W,W,370725,0,0,,C
20140304,9:32:47.892,W,ACW,,4.65,1,4.88,1,R,W,W,370726,0,0,,C
20140304,9:32:47.897,P,ACW,,4.74,1,4.8,1,R,P,P,370731,0,0,,C
20140304,9:32:47.973,T,ACW,,4.7,1,4.9,1,R,T,T,370811,0,0,,C
20140304,9:32:48.008,D,ACW,,4.58,1,6,2,R,D,D,370838,0,1,A,C
20140304,9:32:48.024,K,ACW,,4.38,7,4.85,4,R,K,K,370858,0,0,A,C
20140304,9:32:48.038,T,ACW,,4.7,1,4.82,1,R,T,T,370876,0,0,A,C
20140304,9:32:48.038,J,ACW,,4.58,1,4.83,1,R,J,J,370877,0,0,A,C
20140304,9:32:48.038,Y,ACW,,4.6,2,4.83,2,R,Y,Y,370878,0,0,A,C
20140304,9:32:48.038,J,ACW,,4.58,1,4.84,1,R,J,J,370879,0,0,A,C
20140304,9:32:48.039,Z,ACW,,4.73,1,4.82,1,R,Z,Z,370880,0,0,A,C
20140304,9:32:48.050,T,ACW,,4.72,1,4.82,1,R,T,T,370884,0,0,A,C
20140304,9:32:48.889,D,ACW,,4.58,1,4.86,1,R,D,D,372372,0,1,A,C
20140304,9:32:49.853,N,ACW,,4.74,1,4.79,1,R,N,N,373182,6,0,,C
20140304,9:32:49.854,Z,ACW,,4.72,1,4.82,1,R,Z,Z,373183,0,0,,C
20140304,9:32:49.854,Z,ACW,,4.75,1,4.82,1,R,Z,Z,373184,6,0,,C
20140304,9:32:49.855,Y,ACW,,4.6,2,4.83,1,R,Y,Y,373185,0,0,A,C
20140304,9:32:49.855,Y,ACW,,4.6,2,4.84,1,R,Y,Y,373186,0,0,A,C
20140304,9:32:49.855,Y,ACW,,4.6,1,4.84,1,R,Y,Y,373187,0,0,A,C
20140304,9:32:49.855,Y,ACW,,4.58,1,4.84,1,R,Y,Y,373188,0,0,A,C
20140304,9:32:49.858,P,ACW,,4.61,1,4.8,1,R,P,P,373201,0,0,,C
20140304,9:32:49.862,N,ACW,,4.75,1,4.79,1,R,N,N,373221,0,0,,C
20140304,9:32:49.872,W,ACW,,0,0,4.88,1,R,W,W,373223,0,0,,C
20140304,9:32:49.872,W,ACW,,0,0,0,0,R,W,W,373224,0,0,,C
20140304,9:32:49.872,W,ACW,,4.66,1,0,0,R,W,W,373225,0,0,,C
20140304,9:32:49.872,W,ACW,,4.66,1,4.89,1,R,W,W,373226,0,0,,C
20140304,9:32:49.894,Y,ACW,,4.65,1,4.84,1,R,Y,Y,373237,0,0,A,C
20140304,9:32:49.932,Y,ACW,,4.65,2,4.84,1,R,Y,Y,373246,0,0,A,C
20140304,9:32:50.067,J,ACW,,4.58,1,5.13,1,R,J,J,373367,0,0,,C
20140304,9:32:50.067,Y,ACW,,4.65,2,4.89,2,R,Y,Y,373368,0,0,A,C
20140304,9:32:50.379,B,ACW,,0,0,0,0,R,B,B,373613,0,0,,C
20140304,9:32:50.379,Y,ACW,,4.65,2,4.89,2,R,Y,Y,373614,0,0,,C
20140304,9:32:50.428,B,ACW,,4.75,2,0,0,R,B,B,373664,6,0,,C
20140304,9:32:50.967,J,ACW,,4.58,1,4.87,1,R,J,J,374130,0,0,,C
20140304,9:32:50.967,Y,ACW,,4.65,2,4.88,1,R,Y,Y,374131,0,0,,C
20140304,9:32:52.054,P,ACW,,4.61,1,4.79,1,R,P,P,375418,0,0,,C
20140304,9:32:52.055,N,ACW,,4.75,1,4.79,2,R,N,N,375419,6,0,,C
20140304,9:32:53.053,Z,ACW,,4.72,1,4.82,1,R,Z,Z,376386,0,0,,C
20140304,9:32:53.064,Z,ACW,,4.76,1,4.82,1,R,Z,Z,376396,6,0,,C
20140304,9:32:53.067,N,ACW,,4.76,1,4.79,2,R,N,N,376400,0,0,,C
20140304,9:32:53.219,T,ACW,,4.74,1,4.82,1,R,T,T,376469,0,0,,C
20140304,9:32:53.714,P,ACW,,4.61,1,4.8,1,R,P,P,376845,0,0,,C
20140304,9:32:53.715,N,ACW,,4.76,1,4.79,1,R,N,N,376846,6,0,,C
20140304,9:32:54.868,B,ACW,,0,0,0,0,R,B,B,379188,0,0,,C
20140304,9:32:54.905,B,ACW,,4.76,2,0,0,R,B,B,379221,6,0,,C
20140304,9:32:55.370,T,ACW,,4.77,1,4.82,1,R,T,T,379639,6,0,,C
20140304,9:32:55.371,P,ACW,,4.67,1,4.8,1,R,P,P,379640,0,0,,C
20140304,9:32:55.371,T,ACW,,4.74,1,4.82,1,R,T,T,379641,6,0,,C
20140304,9:32:55.371,T,ACW,,4.74,1,4.81,1,R,T,T,379642,0,0,,C
20140304,9:32:55.371,J,ACW,,4.58,1,4.82,1,R,J,J,379643,0,0,,C
20140304,9:32:55.371,Z,ACW,,4.74,1,4.82,1,R,Z,Z,379644,0,0,,C
20140304,9:32:55.371,J,ACW,,4.58,1,4.87,1,R,J,J,379645,0,0,,C
20140304,9:32:55.371,Y,ACW,,4.65,2,4.88,1,R,Y,Y,379646,0,0,,C
20140304,9:32:55.372,Z,ACW,,4.77,1,4.82,1,R,Z,Z,379647,6,0,,C
20140304,9:32:55.372,T,ACW,,4.74,1,4.82,1,R,T,T,379648,0,0,,C
20140304,9:32:55.372,Y,ACW,,4.65,2,4.88,1,R,Y,Y,379649,0,0,,C
20140304,9:32:55.372,Y,ACW,,4.65,2,4.88,1,R,Y,Y,379650,0,0,,C
20140304,9:32:55.372,K,ACW,,4.43,1,4.85,4,R,K,K,379651,0,0,,C
20140304,9:32:55.373,P,ACW,,4.67,1,4.82,1,R,P,P,379654,0,0,,C
20140304,9:32:55.392,W,ACW,,0,0,4.89,1,R,W,W,379687,0,0,,C
20140304,9:32:55.392,W,ACW,,4.67,1,4.89,1,R,W,W,379688,0,0,,C
20140304,9:32:55.537,N,ACW,,4.76,1,4.8,13,R,N,N,379817,6,0,,C
20140304,9:32:55.537,N,ACW,,4.76,1,4.8,12,R,N,N,379818,6,0,,C
20140304,9:32:55.541,N,ACW,,4.77,1,4.8,12,R,N,N,379819,0,0,,C
20140304,9:32:55.553,P,ACW,,4.77,1,4.82,1,R,P,P,379821,0,0,,C
20140304,9:32:55.554,P,ACW,,4.67,1,4.82,1,R,P,P,379823,0,0,,C
20140304,9:32:55.561,W,ACW,,4.67,1,0,0,R,W,W,379828,0,0,,C
20140304,9:32:55.562,W,ACW,,4.67,1,4.9,1,R,W,W,379829,0,0,,C
20140304,9:32:55.579,P,ACW,,4.77,1,4.82,1,R,P,P,379842,0,0,,C
20140304,9:32:55.581,P,ACW,,4.67,1,4.82,1,R,P,P,379843,0,0,,C
20140304,9:32:55.617,N,ACW,,4.78,1,4.8,12,R,N,N,379861,1,0,,C
20140304,9:32:55.618,N,ACW,,4.77,1,4.8,12,R,N,N,379863,6,0,,C
20140304,9:32:55.618,P,ACW,,4.67,1,4.83,1,R,P,P,379864,0,0,,C
20140304,9:32:57.052,B,ACW,,0,0,0,0,R,B,B,381814,0,0,,C
20140304,9:32:57.054,P,ACW,,4.67,1,4.8,1,R,P,P,381815,0,0,,C
20140304,9:32:57.054,N,ACW,,4.77,1,4.8,13,R,N,N,381816,6,0,,C
20140304,9:32:57.098,B,ACW,,4.77,2,0,0,R,B,B,381867,6,0,,C
20140304,9:32:59.208,Z,ACW,,4.74,1,4.82,1,R,Z,Z,384094,0,0,,C
20140304,9:33:01.381,W,ACW,,0,0,4.9,1,R,W,W,386808,0,0,,C
20140304,9:33:01.382,W,ACW,,0,0,0,0,R,W,W,386811,0,0,,C
20140304,9:33:01.382,W,ACW,,4.58,3,0,0,R,W,W,386812,0,0,,C
20140304,9:33:01.382,W,ACW,,4.58,3,4.99,3,R,W,W,386813,0,0,,C
20140304,9:33:08.009,N,ACW,,4.75,2,4.8,13,R,N,N,398410,0,0,,C
20140304,9:33:08.009,T,ACW,,4.74,1,4.79,1,R,T,T,398411,6,0,,C
20140304,9:33:08.010,J,ACW,,4.58,1,4.82,1,R,J,J,398412,0,0,,C
20140304,9:33:08.010,Y,ACW,,4.65,2,4.88,1,R,Y,Y,398413,0,0,,C
20140304,9:33:08.010,J,ACW,,4.58,1,4.87,1,R,J,J,398415,0,0,,C
20140304,9:33:08.010,P,ACW,,4.67,1,4.79,1,R,P,P,398419,0,0,,C
20140304,9:33:08.011,N,ACW,,4.75,2,4.79,1,R,N,N,398420,0,0,,C
20140304,9:33:08.034,P,ACW,,4.67,1,4.77,97,R,P,P,398446,6,0,,C
20140304,9:33:08.035,N,ACW,,4.75,1,4.79,1,R,N,N,398448,0,0,,C
20140304,9:33:08.036,B,ACW,,0,0,0,0,R,B,B,398449,6,0,,C
20140304,9:33:08.036,N,ACW,,4.74,3,4.79,1,R,N,N,398450,6,0,,C
20140304,9:33:08.036,N,ACW,,4.74,3,4.79,2,R,N,N,398451,0,0,,C
20140304,9:33:08.036,T,ACW,,4.72,1,4.79,1,R,T,T,398452,0,0,,C
20140304,9:33:08.036,Z,ACW,,4.72,1,4.82,1,R,Z,Z,398453,0,0,,C
20140304,9:33:08.036,N,ACW,,4.74,2,4.79,2,R,N,N,398454,6,0,,C
20140304,9:33:08.107,T,ACW,,4.72,1,4.82,1,R,T,T,398617,0,0,,C
20140304,9:33:08.107,Y,ACW,,4.65,2,4.88,1,R,Y,Y,398618,0,0,,C
20140304,9:33:08.186,T,ACW,,4.72,1,4.8,1,R,T,T,398680,0,0,,C
20140304,9:33:08.186,Z,ACW,,4.72,1,4.8,1,R,Z,Z,398681,0,0,,C
20140304,9:33:08.186,Y,ACW,,4.65,2,4.82,1,R,Y,Y,398682,0,0,,C
20140304,9:33:08.186,Y,ACW,,4.65,2,4.88,1,R,Y,Y,398683,0,0,,C
20140304,9:33:08.294,T,ACW,,4.72,1,4.79,1,R,T,T,398814,0,0,,C
20140304,9:33:08.294,T,ACW,,4.72,1,4.79,2,R,T,T,398815,0,0,,C
20140304,9:33:08.294,T,ACW,,4.72,1,4.76,1,R,T,T,398816,6,0,,C
20140304,9:33:08.294,J,ACW,,4.58,1,4.8,1,R,J,J,398817,0,0,,C
20140304,9:33:08.294,J,ACW,,4.58,1,4.87,1,R,J,J,398818,0,0,,C
20140304,9:33:08.294,N,ACW,,4.74,2,4.78,1,R,N,N,398819,0,0,,C
20140304,9:33:08.294,N,ACW,,4.74,1,4.78,1,R,N,N,398820,6,0,,C
20140304,9:33:08.295,N,ACW,,4.73,2,4.78,1,R,N,N,398824,6,0,,C
20140304,9:33:08.296,Z,ACW,,4.7,1,4.8,1,R,Z,Z,398825,0,0,,C
20140304,9:33:08.297,T,ACW,,4.7,1,4.76,1,R,T,T,398827,0,0,,C
20140304,9:33:08.297,P,ACW,,4.62,1,4.77,97,R,P,P,398828,0,0,,C
20140304,9:33:08.323,Z,ACW,,4.7,1,4.8,1,R,Z,Z,398859,0,0,,C
20140304,9:33:08.388,T,ACW,,4.7,1,4.79,2,R,T,T,399033,6,0,,C
20140304,9:33:08.409,N,ACW,,4.73,2,4.76,1,R,N,N,399063,1,0,,C
20140304,9:33:08.448,T,ACW,,4.7,1,4.79,1,R,T,T,399133,0,0,,C
20140304,9:33:08.448,T,ACW,,4.7,1,4.8,1,R,T,T,399134,0,0,,C
20140304,9:33:08.554,B,ACW,,4.73,1,0,0,R,B,B,399245,0,0,,C
20140304,9:33:08.967,Y,ACW,,4.65,2,4.89,2,R,Y,Y,399612,0,0,,C
20140304,9:33:09.223,W,ACW,,0,0,4.99,3,R,W,W,400153,0,0,,C
20140304,9:33:09.223,W,ACW,,0,0,0,0,R,W,W,400156,0,0,,C
20140304,9:33:09.223,W,ACW,,4.54,3,0,0,R,W,W,400159,0,0,,C
20140304,9:33:09.223,W,ACW,,4.54,3,4.95,3,R,W,W,400161,0,0,,C
20140304,9:33:09.380,P,ACW,,4.62,1,4.79,1,R,P,P,400801,0,0,,C
20140304,9:33:09.382,N,ACW,,4.74,1,4.76,1,R,N,N,400803,1,0,,C
20140304,9:33:09.382,P,ACW,,4.62,1,4.76,1,R,P,P,400805,0,0,,C
20140304,9:33:09.383,N,ACW,,4.74,1,4.76,2,R,N,N,400807,1,0,,C
20140304,9:33:09.385,N,ACW,,4.74,1,4.76,1,R,N,N,400814,6,0,,C
20140304,9:33:09.386,P,ACW,,4.62,1,4.78,1,R,P,P,400815,6,0,,C
20140304,9:33:09.386,N,ACW,,4.74,1,4.78,2,R,N,N,400817,1,0,,C
20140304,9:33:09.387,N,ACW,,4.74,1,4.78,1,R,N,N,400819,6,0,,C
20140304,9:33:09.388,P,ACW,,4.62,1,4.8,1,R,P,P,400822,6,0,,C
20140304,9:33:09.388,N,ACW,,4.74,1,4.79,1,R,N,N,400823,1,0,,C
20140304,9:33:09.388,N,ACW,,4.74,2,4.79,1,R,N,N,400826,1,0,,C
20140304,9:33:09.389,T,ACW,,4.7,1,4.82,1,R,T,T,400827,0,0,,C
20140304,9:33:09.389,Y,ACW,,4.65,2,4.89,2,R,Y,Y,400828,0,0,A,C
20140304,9:33:09.389,Z,ACW,,4.7,1,4.82,1,R,Z,Z,400829,0,0,,C
20140304,9:33:09.389,Y,ACW,,4.65,2,4.89,2,R,Y,Y,400830,0,0,A,C
20140304,9:33:09.389,Y,ACW,,4.65,2,4.89,2,R,Y,Y,400831,0,0,A,C
20140304,9:33:09.390,Y,ACW,,4.65,2,4.89,2,R,Y,Y,400832,0,0,A,C
20140304,9:33:09.390,Z,ACW,,4.76,1,4.82,1,R,Z,Z,400838,6,0,,C
20140304,9:33:09.390,N,ACW,,4.75,1,4.79,1,R,N,N,400841,0,0,,C
20140304,9:33:09.412,N,ACW,,4.75,2,4.79,1,R,N,N,400856,0,0,,C
20140304,9:33:09.492,W,ACW,,0,0,4.95,3,R,W,W,401000,0,0,,C
20140304,9:33:09.492,W,ACW,,0,0,0,0,R,W,W,401001,0,0,,C
20140304,9:33:09.492,W,ACW,,4.57,3,0,0,R,W,W,401002,0,0,,C
20140304,9:33:09.492,W,ACW,,4.57,3,4.98,3,R,W,W,401003,0,0,,C
20140304,9:33:09.495,N,ACW,,4.75,2,4.8,13,R,N,N,401006,6,0,,C
20140304,9:33:09.502,N,ACW,,4.75,2,4.79,1,R,N,N,401009,6,0,,C
20140304,9:33:09.533,T,ACW,,4.72,1,4.82,1,R,T,T,401033,0,0,,C
20140304,9:33:09.542,N,ACW,,4.76,1,4.79,1,R,N,N,401039,0,0,,C
20140304,9:33:09.694,T,ACW,,4.74,1,4.82,1,R,T,T,401188,0,0,,C
20140304,9:33:09.866,Y,ACW,,4.65,2,4.88,1,R,Y,Y,401400,0,0,A,C
20140304,9:33:11.685,B,ACW,,0,0,0,0,R,B,B,404348,0,0,,C
20140304,9:33:11.686,Y,ACW,,4.65,2,4.88,1,R,Y,Y,404349,0,0,,C
20140304,9:33:11.723,B,ACW,,4.76,1,0,0,R,B,B,404363,0,0,,C
20140304,9:33:12.607,Z,ACW,,4.74,1,4.82,1,R,Z,Z,405864,6,0,,C
20140304,9:33:12.607,Z,ACW,,4.74,1,4.81,1,R,Z,Z,405865,0,0,,C
20140304,9:33:12.607,Z,ACW,,4.74,1,4.78,1,R,Z,Z,405866,6,0,,C
20140304,9:33:12.607,J,ACW,,4.58,1,4.82,1,R,J,J,405867,0,0,,C
20140304,9:33:12.607,Y,ACW,,4.65,2,4.88,1,R,Y,Y,405868,0,0,,C
20140304,9:33:12.607,J,ACW,,4.58,1,4.87,1,R,J,J,405869,0,0,,C
20140304,9:33:12.607,T,ACW,,4.74,1,4.78,1,R,T,T,405870,0,0,,C
20140304,9:33:12.607,B,ACW,,0,0,0,0,R,B,B,405871,0,0,,C
20140304,9:33:12.607,T,ACW,,4.72,1,4.78,1,R,T,T,405872,0,0,,C
20140304,9:33:12.607,N,ACW,,4.75,1,4.79,1,R,N,N,405873,6,0,,C
20140304,9:33:12.607,Z,ACW,,4.72,1,4.78,1,R,Z,Z,405875,6,0,,C
20140304,9:33:12.608,T,ACW,,4.72,1,4.77,1,R,T,T,405878,6,0,,C
20140304,9:33:12.608,J,ACW,,4.58,1,4.78,1,R,J,J,405879,0,0,,C
20140304,9:33:12.608,J,ACW,,4.58,1,4.87,1,R,J,J,405880,0,0,,C
20140304,9:33:12.609,N,ACW,,4.75,1,4.78,1,R,N,N,405883,0,0,,C
20140304,9:33:12.609,N,ACW,,4.74,1,4.78,1,R,N,N,405884,6,0,,C
20140304,9:33:12.610,Z,ACW,,4.7,1,4.78,1,R,Z,Z,405885,0,0,,C
20140304,9:33:12.611,P,ACW,,4.74,1,4.8,1,R,P,P,405886,0,0,,C
20140304,9:33:12.613,P,ACW,,4.62,1,4.8,1,R,P,P,405887,0,0,,C
20140304,9:33:12.614,N,ACW,,4.73,4,4.78,1,R,N,N,405889,6,0,,C
20140304,9:33:12.615,T,ACW,,4.72,1,4.76,1,R,T,T,405890,6,0,,C
20140304,9:33:12.615,T,ACW,,4.7,1,4.76,1,R,T,T,405891,0,0,,C
20140304,9:33:12.618,W,ACW,,0,0,4.98,3,R,W,W,405892,0,0,,C
20140304,9:33:12.618,W,ACW,,0,0,0,0,R,W,W,405893,0,0,,C
20140304,9:33:12.619,W,ACW,,4.54,3,0,0,R,W,W,405895,0,0,,C
20140304,9:33:12.619,W,ACW,,4.54,3,4.95,3,R,W,W,405896,0,0,,C
20140304,9:33:12.622,N,ACW,,4.73,4,4.78,2,R,N,N,405897,0,0,,C
20140304,9:33:12.633,P,ACW,,4.73,1,4.8,1,R,P,P,405908,0,0,,C
20140304,9:33:12.635,P,ACW,,4.62,1,4.8,1,R,P,P,405909,0,0,,C
20140304,9:33:12.653,T,ACW,,4.7,1,4.77,1,R,T,T,405962,6,0,,C
20140304,9:33:12.653,T,ACW,,4.71,1,4.77,1,R,T,T,405963,0,0,,C
20140304,9:33:12.653,T,ACW,,4.75,1,4.77,1,R,T,T,405964,1,0,,C
20140304,9:33:12.653,P,ACW,,4.65,1,4.8,1,R,P,P,405965,0,0,,C
20140304,9:33:12.653,N,ACW,,4.73,4,4.78,1,R,N,N,405966,0,0,,C
20140304,9:33:12.659,T,ACW,,4.74,1,4.77,1,R,T,T,405967,1,0,,C
20140304,9:33:12.659,T,ACW,,4.74,1,4.76,1,R,T,T,405968,1,0,,C
20140304,9:33:12.659,J,ACW,,4.58,1,4.77,1,R,J,J,405969,0,0,,C
20140304,9:33:12.659,J,ACW,,4.58,1,4.87,1,R,J,J,405970,0,0,,C
20140304,9:33:12.659,N,ACW,,4.73,4,4.78,2,R,N,N,405971,0,0,,C
20140304,9:33:12.665,T,ACW,,4.71,2,4.76,1,R,T,T,405985,6,0,,C
20140304,9:33:12.665,T,ACW,,4.71,2,4.75,1,R,T,T,405986,6,0,,C
20140304,9:33:12.665,T,ACW,,4.71,2,4.75,2,R,T,T,405987,6,0,,C
20140304,9:33:12.665,Z,ACW,,4.7,1,4.78,1,R,Z,Z,405988,0,0,,C
20140304,9:33:12.665,T,ACW,,4.71,2,4.75,3,R,T,T,405989,6,0,,C
20140304,9:33:12.665,Z,ACW,,4.7,1,4.77,1,R,Z,Z,405990,0,0,,C
20140304,9:33:12.665,J,ACW,,4.58,1,4.76,1,R,J,J,405991,0,0,,C
20140304,9:33:12.665,Z,ACW,,4.7,1,4.75,1,R,Z,Z,405992,0,0,,C
20140304,9:33:12.665,T,ACW,,4.71,1,4.75,3,R,T,T,405993,0,0,,C
20140304,9:33:12.665,J,ACW,,4.58,1,4.87,1,R,J,J,405994,0,0,,C
20140304,9:33:12.665,T,ACW,,4.7,1,4.75,3,R,T,T,405995,0,0,,C
20140304,9:33:12.665,N,ACW,,4.73,3,4.78,2,R,N,N,405996,6,0,,C
20140304,9:33:12.665,N,ACW,,4.73,3,4.77,1,R,N,N,405997,0,0,,C
20140304,9:33:12.671,N,ACW,,4.73,1,4.77,1,R,N,N,405998,6,0,,C
20140304,9:33:12.672,N,ACW,,4.73,1,4.77,1,R,N,N,406000,0,0,,C
20140304,9:33:12.680,N,ACW,,4.73,1,4.76,1,R,N,N,406164,0,0,,C
20140304,9:33:12.717,N,ACW,,4.72,1,4.76,1,R,N,N,406297,6,0,,C
20140304,9:33:12.717,T,ACW,,4.7,1,4.74,1,R,T,T,406300,6,0,,C
20140304,9:33:12.717,J,ACW,,4.58,1,4.75,1,R,J,J,406301,0,0,,C
20140304,9:33:12.718,J,ACW,,4.58,1,4.87,1,R,J,J,406302,0,0,,C
20140304,9:33:12.718,T,ACW,,4.63,1,4.74,1,R,T,T,406304,0,0,,C
20140304,9:33:12.718,N,ACW,,4.7,1,4.76,1,R,N,N,406305,6,0,,C
20140304,9:33:12.718,T,ACW,,4.62,1,4.74,1,R,T,T,406306,0,0,,C
20140304,9:33:12.718,Z,ACW,,4.62,1,4.75,1,R,Z,Z,406307,6,0,,C
20140304,9:33:12.718,N,ACW,,4.7,1,4.75,1,R,N,N,406308,0,0,,C
20140304,9:33:12.718,N,ACW,,4.64,1,4.75,1,R,N,N,406309,6,0,,C
20140304,9:33:12.718,B,ACW,,4.62,1,0,0,R,B,B,406310,0,0,,C
20140304,9:33:12.718,N,ACW,,4.67,1,4.75,1,R,N,N,406311,6,0,,C
20140304,9:33:12.718,N,ACW,,4.67,1,4.75,2,R,N,N,406312,0,0,,C
20140304,9:33:12.719,N,ACW,,4.67,1,4.74,1,R,N,N,406313,0,0,,C
20140304,9:33:12.719,P,ACW,,4.65,2,4.8,1,R,P,P,406315,0,0,,C
20140304,9:33:12.719,K,ACW,,4.38,6,4.85,4,R,K,K,406316,0,0,,C
20140304,9:33:12.720,Y,ACW,,4.65,1,4.88,1,R,Y,Y,406318,0,0,,C
20140304,9:33:12.720,Y,ACW,,4.62,1,4.88,1,R,Y,Y,406319,0,0,,C
20140304,9:33:12.721,W,ACW,,0,0,4.95,3,R,W,W,406330,0,0,,C
20140304,9:33:12.721,W,ACW,,0,0,0,0,R,W,W,406331,0,0,,C
20140304,9:33:12.721,W,ACW,,0,0,4.93,3,R,W,W,406332,0,0,,C
20140304,9:33:12.721,W,ACW,,4.46,3,4.93,3,R,W,W,406333,0,0,,C
20140304,9:33:12.728,Y,ACW,,4.62,1,4.84,1,R,Y,Y,406340,0,0,,C
20140304,9:33:12.785,Y,ACW,,4.62,1,4.84,2,R,Y,Y,406429,0,0,,C
20140304,9:33:12.811,Z,ACW,,4.62,1,4.77,2,R,Z,Z,406513,0,0,,C
20140304,9:33:12.811,Z,ACW,,4.62,1,4.77,1,R,Z,Z,406515,0,0,,C
20140304,9:33:12.811,Z,ACW,,4.62,1,4.81,1,R,Z,Z,406517,0,0,,C
20140304,9:33:12.842,N,ACW,,4.65,1,4.74,1,R,N,N,406596,6,0,,C
20140304,9:33:12.842,N,ACW,,4.68,1,4.74,1,R,N,N,406597,6,0,,C
20140304,9:33:12.870,T,ACW,,4.64,1,4.74,1,R,T,T,406611,6,0,,C
20140304,9:33:12.870,B,ACW,,4.64,1,0,0,R,B,B,406612,0,0,,C
20140304,9:33:12.870,Z,ACW,,4.62,1,4.82,1,R,Z,Z,406613,0,0,,C
20140304,9:33:12.870,Z,ACW,,4.64,1,4.82,1,R,Z,Z,406614,0,0,,C
20140304,9:33:12.870,Y,ACW,,4.64,1,4.84,2,R,Y,Y,406615,0,0,,C
20140304,9:33:12.870,P,ACW,,4.65,1,4.8,1,R,P,P,406616,0,0,,C
20140304,9:33:12.870,Z,ACW,,4.64,1,4.76,1,R,Z,Z,406617,0,0,,C
20140304,9:33:12.871,T,ACW,,4.64,1,4.75,1,R,T,T,406618,0,0,,C
20140304,9:33:12.871,Z,ACW,,4.64,1,4.82,1,R,Z,Z,406619,0,0,,C
20140304,9:33:13.023,Z,ACW,,4.64,1,4.78,1,R,Z,Z,406773,0,0,,C
20140304,9:33:13.179,N,ACW,,4.69,1,4.74,1,R,N,N,407080,1,0,,C
20140304,9:33:13.180,N,ACW,,4.7,1,4.74,1,R,N,N,407083,1,0,,C
20140304,9:33:13.182,N,ACW,,4.7,1,4.75,1,R,N,N,407084,6,0,,C
20140304,9:33:13.182,N,ACW,,4.71,1,4.75,1,R,N,N,407085,6,0,,C
20140304,9:33:13.182,W,ACW,,0,0,4.93,3,R,W,W,407086,0,0,,C
20140304,9:33:13.182,W,ACW,,4.5,3,4.93,3,R,W,W,407087,0,0,,C
20140304,9:33:13.183,T,ACW,,4.64,1,4.76,1,R,T,T,407088,6,0,,C
20140304,9:33:13.183,N,ACW,,4.71,1,4.76,1,R,N,N,407089,6,0,,C
20140304,9:33:13.185,N,ACW,,4.72,1,4.76,1,R,N,N,407090,6,0,,C
20140304,9:33:13.185,K,ACW,,4.38,7,4.85,4,R,K,K,407091,0,0,,C
20140304,9:33:13.186,N,ACW,,4.71,1,4.76,1,R,N,N,407093,6,0,,C
20140304,9:33:13.334,T,ACW,,4.68,1,4.76,1,R,T,T,407305,6,0,,C
20140304,9:33:13.334,B,ACW,,4.68,1,0,0,R,B,B,407306,0,0,,C
20140304,9:33:13.334,T,ACW,,4.68,1,4.82,1,R,T,T,407307,0,0,,C
20140304,9:33:13.334,Z,ACW,,4.68,1,4.78,1,R,Z,Z,407308,0,0,,C
20140304,9:33:13.334,Y,ACW,,4.68,1,4.84,2,R,Y,Y,407309,0,0,,C
20140304,9:33:13.334,Z,ACW,,4.68,1,4.82,1,R,Z,Z,407310,0,0,,C
20140304,9:33:13.334,Y,ACW,,4.68,1,4.84,2,R,Y,Y,407311,0,0,,C
20140304,9:33:13.334,N,ACW,,4.72,1,4.76,1,R,N,N,407312,1,0,,C
20140304,9:33:13.334,Y,ACW,,4.68,1,4.84,2,R,Y,Y,407313,0,0,,C
20140304,9:33:13.335,T,ACW,,4.68,1,4.8,1,R,T,T,407314,0,0,,C
20140304,9:33:13.335,Y,ACW,,4.68,1,4.84,2,R,Y,Y,407315,0,0,,C
20140304,9:33:13.413,N,ACW,,4.72,1,4.77,1,R,N,N,407409,1,0,,C
20140304,9:33:13.414,N,ACW,,4.73,1,4.77,1,R,N,N,407410,1,0,,C
20140304,9:33:13.415,N,ACW,,4.72,1,4.77,1,R,N,N,407411,1,0,,C
20140304,9:33:13.416,Y,ACW,,4.68,1,4.84,1,R,Y,Y,407413,0,0,,C
20140304,9:33:13.416,N,ACW,,4.73,1,4.77,1,R,N,N,407414,1,0,,C
20140304,9:33:13.416,Y,ACW,,4.68,1,4.88,1,R,Y,Y,407415,0,0,,C
20140304,9:33:13.417,W,ACW,,4.5,3,0,0,R,W,W,407416,0,0,,C
20140304,9:33:13.417,W,ACW,,0,0,0,0,R,W,W,407417,0,0,,C
20140304,9:33:13.417,W,ACW,,4.53,3,0,0,R,W,W,407418,0,0,,C
20140304,9:33:13.417,W,ACW,,4.53,3,4.96,3,R,W,W,407419,0,0,,C
20140304,9:33:13.432,Y,ACW,,4.68,1,4.87,1,R,Y,Y,407438,0,0,,C
20140304,9:33:13.485,Z,ACW,,4.68,1,4.8,1,R,Z,Z,407467,0,0,,C
20140304,9:33:13.489,Y,ACW,,4.68,1,4.87,2,R,Y,Y,407468,0,0,,C
20140304,9:33:13.568,T,ACW,,4.7,1,4.8,1,R,T,T,407497,0,0,,C
20140304,9:33:13.568,B,ACW,,0,0,0,0,R,B,B,407498,0,0,,C
20140304,9:33:13.568,Z,ACW,,4.7,1,4.8,1,R,Z,Z,407499,0,0,,C
20140304,9:33:13.568,Y,ACW,,4.63,2,4.87,2,R,Y,Y,407500,0,0,,C
20140304,9:33:14.367,Y,ACW,,4.63,2,4.86,1,R,Y,Y,408380,0,0,,C
20140304,9:33:16.834,P,ACW,,4.65,1,4.77,1,R,P,P,412242,0,0,,C
20140304,9:33:16.834,N,ACW,,4.73,1,4.77,2,R,N,N,412243,1,0,,C
20140304,9:33:17.799,P,ACW,,4.73,1,4.77,1,R,P,P,413446,0,0,,C
20140304,9:33:17.801,P,ACW,,4.65,1,4.77,1,R,P,P,413448,0,0,,C
20140304,9:33:17.823,P,ACW,,4.73,1,4.77,1,R,P,P,413483,0,0,,C
20140304,9:33:17.826,P,ACW,,4.65,1,4.77,1,R,P,P,413488,0,0,,C
20140304,9:33:17.860,N,ACW,,4.74,1,4.77,2,R,N,N,413532,1,0,,C
20140304,9:33:18.224,B,ACW,,4.74,1,0,0,R,B,B,414489,0,0,,C
20140304,9:33:18.375,T,ACW,,4.72,1,4.8,1,R,T,T,415245,0,0,,C
20140304,9:33:18.375,Z,ACW,,4.72,1,4.8,1,R,Z,Z,415248,0,0,,C
20140304,9:33:19.924,N,ACW,,4.74,1,4.77,1,R,N,N,416854,6,0,,C
20140304,9:33:19.925,P,ACW,,4.65,1,4.79,1,R,P,P,416868,6,0,,C
20140304,9:33:19.925,N,ACW,,4.74,1,4.78,1,R,N,N,416872,6,0,,C
20140304,9:33:19.927,T,ACW,,4.72,1,4.82,1,R,T,T,416899,0,0,,C
20140304,9:33:19.927,N,ACW,,4.74,2,4.78,1,R,N,N,416902,1,0,,C
20140304,9:33:19.927,Z,ACW,,4.72,1,4.82,1,R,Z,Z,416904,0,0,,C
20140304,9:33:19.927,Y,ACW,,4.63,2,4.86,1,R,Y,Y,416905,0,0,,C
20140304,9:33:19.927,N,ACW,,4.74,3,4.78,1,R,N,N,416907,1,0,,C
20140304,9:33:19.927,P,ACW,,4.65,1,4.8,1,R,P,P,416910,0,0,,C
20140304,9:33:19.928,P,ACW,,4.65,1,4.82,1,R,P,P,416917,0,0,,C
20140304,9:33:20.000,P,ACW,,4.65,1,4.78,1,R,P,P,417019,0,0,,C
20140304,9:33:20.000,N,ACW,,4.74,3,4.78,2,R,N,N,417021,1,0,,C
20140304,9:33:20.152,T,ACW,,4.72,1,4.8,1,R,T,T,417207,0,0,,C
20140304,9:33:20.152,J,ACW,,4.58,1,4.82,1,R,J,J,417208,0,0,,C
20140304,9:33:20.152,Z,ACW,,4.72,1,4.8,1,R,Z,Z,417209,0,0,,C
20140304,9:33:20.152,Y,ACW,,4.63,2,4.86,1,R,Y,Y,417210,0,0,,C
20140304,9:33:20.152,J,ACW,,4.58,1,4.87,1,R,J,J,417211,0,0,,C
20140304,9:33:20.152,N,ACW,,4.74,2,4.78,2,R,N,N,417213,1,0,,C
20140304,9:33:22.016,N,ACW,,4.74,3,4.78,2,R,N,N,419658,1,0,,C
20140304,9:33:25.773,P,ACW,,4.65,1,4.79,1,R,P,P,424437,0,0,,C
20140304,9:33:25.774,N,ACW,,4.74,3,4.78,1,R,N,N,424440,1,0,,C
20140304,9:33:25.775,T,ACW,,4.72,1,4.82,1,R,T,T,424442,0,0,,C
20140304,9:33:25.775,Z,ACW,,4.72,1,4.82,1,R,Z,Z,424444,0,0,,C
20140304,9:33:25.775,Y,ACW,,4.63,2,4.86,1,R,Y,Y,424445,0,0,,C
20140304,9:33:25.776,N,ACW,,4.74,2,4.78,1,R,N,N,424446,1,0,,C
20140304,9:33:27.022,Z,ACW,,4.72,1,4.82,1,R,Z,Z,425872,0,0,,C
20140304,9:33:29.210,P,ACW,,4.65,1,4.78,1,R,P,P,428962,0,0,,C
20140304,9:33:29.211,N,ACW,,4.74,2,4.78,2,R,N,N,428964,1,0,,C
20140304,9:33:29.362,T,ACW,,4.72,1,4.8,1,R,T,T,429124,0,0,,C
20140304,9:33:29.362,J,ACW,,4.58,1,4.82,1,R,J,J,429125,0,0,,C
20140304,9:33:29.362,Z,ACW,,4.72,1,4.8,1,R,Z,Z,429126,0,0,,C
20140304,9:33:29.362,Y,ACW,,4.63,2,4.86,1,R,Y,Y,429127,0,0,,C
20140304,9:33:29.362,J,ACW,,4.58,1,4.87,1,R,J,J,429128,0,0,,C
20140304,9:33:29.362,N,ACW,,4.74,3,4.78,2,R,N,N,429129,1,0,,C
20140304,9:33:35.045,P,ACW,,4.74,1,4.78,1,R,P,P,436129,0,0,,C
20140304,9:33:48.583,B,ACW,,4.74,2,0,0,R,B,B,452517,0,0,,C
20140304,9:34:00.221,P,ACW,,4.65,1,4.78,1,R,P,P,463243,0,0,,C
20140304,9:34:00.222,P,ACW,,4.65,1,4.77,1,R,P,P,463244,6,0,,C
20140304,9:34:00.222,T,ACW,,4.72,1,4.76,1,R,T,T,463246,6,0,,C
20140304,9:34:00.222,J,ACW,,4.58,1,4.8,1,R,J,J,463248,0,0,,C
20140304,9:34:00.223,J,ACW,,4.58,1,4.87,1,R,J,J,463249,0,0,,C
20140304,9:34:00.223,N,ACW,,4.73,2,4.78,2,R,N,N,463251,6,0,,C
20140304,9:34:00.223,N,ACW,,4.73,1,4.78,2,R,N,N,463253,0,0,,C
20140304,9:34:00.223,T,ACW,,4.74,1,4.76,1,R,T,T,463255,0,0,,C
20140304,9:34:00.224,N,ACW,,4.73,1,4.77,1,R,N,N,463263,0,0,,C
20140304,9:34:00.249,P,ACW,,4.65,1,4.74,93,R,P,P,463336,6,0,,C
20140304,9:34:00.250,B,ACW,,4.74,1,0,0,R,B,B,463338,6,0,,C
20140304,9:34:00.250,B,ACW,,0,0,0,0,R,B,B,463339,0,0,,C
20140304,9:34:00.250,T,ACW,,4.7,1,4.76,1,R,T,T,463340,6,0,,C
20140304,9:34:00.250,T,ACW,,4.7,1,4.75,1,R,T,T,463341,0,0,,C
20140304,9:34:00.250,T,ACW,,4.7,1,4.75,2,R,T,T,463342,0,0,,C
20140304,9:34:00.250,Z,ACW,,4.7,1,4.8,1,R,Z,Z,463343,0,0,,C
20140304,9:34:00.250,T,ACW,,4.7,1,4.74,1,R,T,T,463344,0,0,,C
20140304,9:34:00.250,N,ACW,,4.72,1,4.77,1,R,N,N,463345,6,0,,C
20140304,9:34:00.251,P,ACW,,4.65,1,4.74,94,R,P,P,463346,6,0,,C
20140304,9:34:00.251,N,ACW,,4.72,1,4.76,1,R,N,N,463347,0,0,,C
20140304,9:34:00.251,N,ACW,,4.7,1,4.76,1,R,N,N,463348,6,0,,C
20140304,9:34:00.252,T,ACW,,4.62,1,4.74,1,R,T,T,463349,0,0,,C
20140304,9:34:00.252,N,ACW,,4.7,1,4.75,1,R,N,N,463350,0,0,,C
20140304,9:34:00.252,Z,ACW,,4.62,1,4.8,1,R,Z,Z,463351,6,0,,C
20140304,9:34:00.257,W,ACW,,0,0,4.96,3,R,W,W,463411,0,0,,C
20140304,9:34:00.257,W,ACW,,0,0,0,0,R,W,W,463413,0,0,,C
20140304,9:34:00.258,W,ACW,,0,0,4.93,3,R,W,W,463450,0,0,,C
20140304,9:34:00.258,W,ACW,,4.51,3,4.93,3,R,W,W,463452,0,0,,C
20140304,9:34:00.401,Z,ACW,,4.62,1,4.76,1,R,Z,Z,463748,0,0,,C
20140304,9:34:00.402,P,ACW,,4.64,2,4.74,94,R,P,P,463777,0,0,,C
20140304,9:34:00.403,T,ACW,,4.66,1,4.74,1,R,T,T,463778,0,0,,C
20140304,9:34:00.403,Z,ACW,,4.66,1,4.76,1,R,Z,Z,463780,0,0,,C
20140304,9:34:00.405,T,ACW,,4.66,1,4.75,1,R,T,T,463790,0,0,,C
20140304,9:34:00.748,N,ACW,,4.71,1,4.75,1,R,N,N,464243,6,0,,C
20140304,9:34:00.772,P,ACW,,4.71,1,4.74,94,R,P,P,464253,0,0,,C
20140304,9:34:00.900,T,ACW,,4.68,1,4.75,1,R,T,T,464357,0,0,,C
20140304,9:34:00.900,T,ACW,,4.68,1,4.76,1,R,T,T,464358,0,0,,C
20140304,9:34:00.900,Z,ACW,,4.68,1,4.76,1,R,Z,Z,464359,0,0,,C
20140304,9:34:01.167,Y,ACW,,4.63,2,4.87,2,R,Y,Y,464672,0,0,,C
20140304,9:34:01.344,D,ACW,,4.58,1,6,2,R,D,D,464857,0,1,A,C
20140304,9:34:02.067,Y,ACW,,4.63,2,4.83,1,R,Y,Y,465612,0,0,A,C
20140304,9:34:02.165,N,ACW,,4.72,1,4.75,1,R,N,N,465683,6,0,A,C
20140304,9:34:02.201,D,ACW,,4.58,1,4.82,1,R,D,D,465707,0,1,A,C
20140304,9:34:02.265,P,ACW,,4.71,1,4.78,1,R,P,P,465806,6,0,,C
20140304,9:34:02.266,T,ACW,,4.68,1,4.8,1,R,T,T,465810,0,0,,C
20140304,9:34:02.266,Z,ACW,,4.68,1,4.8,1,R,Z,Z,465812,0,0,,C
20140304,9:34:02.266,Y,ACW,,4.63,2,4.83,1,R,Y,Y,465813,0,0,,C
20140304,9:34:02.266,N,ACW,,4.72,1,4.76,2,R,N,N,465814,1,0,,C
20140304,9:34:02.266,N,ACW,,4.72,1,4.76,1,R,N,N,465815,1,0,,C
20140304,9:34:02.266,N,ACW,,4.72,2,4.76,1,R,N,N,465816,1,0,,C
20140304,9:34:02.267,P,ACW,,4.71,1,4.76,1,R,P,P,465817,0,0,,C
20140304,9:34:02.267,N,ACW,,4.72,2,4.76,2,R,N,N,465818,1,0,,C
20140304,9:34:02.418,T,ACW,,4.7,1,4.8,1,R,T,T,466100,0,0,,C
20140304,9:34:02.418,Z,ACW,,4.7,1,4.8,1,R,Z,Z,466101,0,0,,C
20140304,9:34:02.418,T,ACW,,4.7,1,4.78,1,R,T,T,466102,0,0,,C
20140304,9:34:02.419,Z,ACW,,4.7,1,4.78,1,R,Z,Z,466103,0,0,,C
20140304,9:34:02.419,J,ACW,,4.58,1,4.8,1,R,J,J,466104,0,0,,C
20140304,9:34:02.419,J,ACW,,4.58,1,4.87,1,R,J,J,466105,0,0,,C
20140304,9:34:03.985,P,ACW,,4.64,2,4.76,1,R,P,P,468174,0,0,,C
20140304,9:34:04.024,B,ACW,,4.72,1,0,0,R,B,B,468286,0,0,,C
20140304,9:34:04.304,P,ACW,,4.64,1,4.76,1,R,P,P,468868,0,0,,C
20140304,9:34:08.134,T,ACW,,4.7,1,4.76,2,R,T,T,473616,0,0,,C
20140304,9:34:08.134,J,ACW,,4.58,1,4.78,1,R,J,J,473617,0,0,,C
20140304,9:34:08.134,Y,ACW,,4.63,2,4.83,1,R,Y,Y,473618,0,0,,C
20140304,9:34:08.134,J,ACW,,4.58,1,4.87,1,R,J,J,473619,0,0,,C
20140304,9:34:08.134,N,ACW,,4.72,3,4.76,2,R,N,N,473620,6,0,,C
20140304,9:34:18.959,B,ACW,,4.72,2,0,0,R,B,B,487398,0,0,,C
20140304,9:34:49.342,N,ACW,,4.72,3,4.76,1,R,N,N,519731,0,0,,C
20140304,9:34:49.344,Y,ACW,,4.63,2,4.87,2,R,Y,Y,519737,0,0,,C
20140304,9:34:49.345,P,ACW,,4.64,1,4.78,1,R,P,P,519739,0,0,,C
20140304,9:34:49.345,N,ACW,,4.72,3,4.77,1,R,N,N,519740,0,0,,C
20140304,9:34:49.375,D,ACW,,4.58,1,6,2,R,D,D,519788,0,1,A,C
20140304,9:34:49.843,N,ACW,,4.72,3,4.76,1,R,N,N,520128,0,0,A,C
20140304,9:34:50.217,Y,ACW,,4.63,2,4.84,1,R,Y,Y,520389,0,0,A,C
20140304,9:34:50.247,D,ACW,,4.58,1,4.84,1,R,D,D,520429,0,1,A,C
20140304,9:34:52.428,P,ACW,,4.64,1,4.76,1,R,P,P,521821,0,0,,C
20140304,9:34:52.428,N,ACW,,4.72,3,4.76,2,R,N,N,521822,0,0,,C
20140304,9:35:00.079,N,ACW,,4.72,3,4.76,2,R,N,N,531037,0,0,A,C
20140304,9:35:00.082,Y,ACW,,4.63,2,4.84,1,R,Y,Y,531048,0,0,A,C
20140304,9:35:01.396,Y,ACW,,4.63,2,4.87,2,R,Y,Y,534519,0,0,A,C
20140304,9:35:02.277,Y,ACW,,4.63,2,4.85,1,R,Y,Y,535767,0,0,A,C
20140304,9:35:06.059,N,ACW,,4.72,3,4.76,1,R,N,N,543997,0,0,A,C
20140304,9:35:06.059,N,ACW,,4.73,1,4.76,1,R,N,N,543998,6,0,A,C
20140304,9:35:07.688,B,ACW,,4.72,1,0,0,R,B,B,547570,0,0,,C
20140304,9:35:07.690,B,ACW,,0,0,0,0,R,B,B,547571,0,0,,C
20140304,9:35:07.692,P,ACW,,4.64,1,4.77,1,R,P,P,547572,0,0,,C
20140304,9:35:07.692,N,ACW,,4.73,1,4.77,2,R,N,N,547573,0,0,A,C
20140304,9:35:07.747,B,ACW,,4.73,2,0,0,R,B,B,547633,6,0,,C
20140304,9:35:07.899,N,ACW,,4.73,2,4.77,2,R,N,N,547736,0,0,A,C
20140304,9:35:09.940,D,ACW,,3.89,1,4.84,1,R,D,D,551314,0,1,A,C
20140304,9:35:10.853,D,ACW,,4.6,1,4.84,1,R,D,D,553858,0,1,A,C
20140304,9:35:14.487,P,ACW,,4.64,1,4.76,1,R,P,P,563847,0,0,,C
20140304,9:35:14.487,N,ACW,,4.73,2,4.76,1,R,N,N,563848,0,0,A,C
20140304,9:35:17.015,P,ACW,,4.64,1,4.77,1,R,P,P,569093,0,0,,C
20140304,9:35:17.015,N,ACW,,4.73,2,4.77,2,R,N,N,569094,0,0,A,C
20140304,9:35:19.709,T,ACW,,4.7,1,4.8,1,R,T,T,573441,6,0,,C
20140304,9:35:19.709,T,ACW,,4.71,1,4.8,1,R,T,T,573442,0,0,,C
20140304,9:35:19.709,Z,ACW,,4.7,1,4.8,1,R,Z,Z,573444,0,0,,C
20140304,9:35:19.709,Y,ACW,,4.63,2,4.85,1,R,Y,Y,573445,0,0,A,C
20140304,9:35:19.710,N,ACW,,4.73,2,4.77,1,R,N,N,573446,6,0,A,C
20140304,9:35:19.710,N,ACW,,4.74,1,4.77,1,R,N,N,573447,6,0,A,C
20140304,9:35:19.710,P,ACW,,4.64,1,4.8,1,R,P,P,573448,6,0,,C
20140304,9:35:19.711,N,ACW,,4.74,1,4.78,1,R,N,N,573449,1,0,A,C
20140304,9:35:19.712,T,ACW,,4.71,1,4.82,1,R,T,T,573450,0,0,,C
20140304,9:35:19.712,Z,ACW,,4.7,1,4.82,1,R,Z,Z,573451,0,0,,C
20140304,9:35:19.712,N,ACW,,4.74,1,4.79,1,R,N,N,573452,1,0,A,C
20140304,9:35:19.712,Y,ACW,,4.63,2,4.85,1,R,Y,Y,573453,0,0,A,C
20140304,9:35:19.712,Y,ACW,,4.63,2,4.85,1,R,Y,Y,573454,0,0,A,C
20140304,9:35:19.712,J,ACW,,4.58,1,4.82,1,R,J,J,573455,0,0,,C
20140304,9:35:19.712,J,ACW,,4.58,1,4.87,1,R,J,J,573456,0,0,,C
20140304,9:35:19.713,Y,ACW,,4.63,2,4.85,1,R,Y,Y,573457,0,0,A,C
20140304,9:35:19.713,Z,ACW,,4.7,1,4.81,1,R,Z,Z,573458,0,0,,C
20140304,9:35:19.713,T,ACW,,4.71,1,4.81,1,R,T,T,573459,0,0,,C
20140304,9:35:19.713,N,ACW,,4.74,1,4.8,13,R,N,N,573460,1,0,A,C
20140304,9:35:19.713,Y,ACW,,4.63,2,4.82,1,R,Y,Y,573461,0,0,A,C
20140304,9:35:19.713,Y,ACW,,4.63,2,4.85,1,R,Y,Y,573462,0,0,A,C
20140304,9:35:19.714,N,ACW,,4.74,1,4.8,12,R,N,N,573463,1,0,A,C
20140304,9:35:19.714,N,ACW,,4.75,1,4.8,12,R,N,N,573464,1,0,A,C
20140304,9:35:19.716,N,ACW,,4.75,1,4.79,1,R,N,N,573466,1,0,A,C
20140304,9:35:19.723,Y,ACW,,4.74,5,4.85,1,R,Y,Y,573477,0,0,A,C
20140304,9:35:19.724,Y,ACW,,4.63,2,4.85,1,R,Y,Y,573478,0,0,A,C
20140304,9:35:19.731,W,ACW,,0,0,4.93,3,R,W,W,573487,0,0,,C
20140304,9:35:19.732,W,ACW,,0,0,0,0,R,W,W,573488,0,0,,C
20140304,9:35:19.732,W,ACW,,4.56,3,0,0,R,W,W,573490,0,0,,C
20140304,9:35:19.733,W,ACW,,4.56,3,4.98,3,R,W,W,573491,0,0,,C
20140304,9:35:19.758,N,ACW,,4.75,1,4.8,13,R,N,N,573495,1,0,A,C
20140304,9:35:19.759,N,ACW,,4.75,1,4.8,12,R,N,N,573496,1,0,A,C
20140304,9:35:19.865,Y,ACW,,4.63,2,4.87,2,R,Y,Y,573733,0,0,A,C
20140304,9:35:19.866,T,ACW,,4.72,1,4.81,1,R,T,T,573739,0,0,,C
20140304,9:35:19.866,Z,ACW,,4.72,1,4.81,1,R,Z,Z,573742,0,0,,C
20140304,9:35:19.901,D,ACW,,4.6,1,6,2,R,D,D,573784,0,1,A,C
20140304,9:35:20.760,D,ACW,,4.6,1,4.88,1,R,D,D,575080,0,1,A,C
20140304,9:35:21.345,B,ACW,,0,0,0,0,R,B,B,575613,0,0,,C
20140304,9:35:21.345,Y,ACW,,4.63,2,4.87,2,R,Y,Y,575614,0,0,A,C
20140304,9:35:21.383,T,ACW,,4.75,1,4.81,1,R,T,T,575661,0,0,,C
20140304,9:35:21.383,P,ACW,,4.65,2,4.8,1,R,P,P,575662,0,0,,C
20140304,9:35:21.384,J,ACW,,4.75,1,4.87,1,R,J,J,575663,0,0,,C
20140304,9:35:21.727,N,ACW,,4.76,1,4.8,12,R,N,N,576710,1,0,A,C
20140304,9:35:24.002,J,ACW,,4.75,1,4.8,7,R,J,J,580082,0,0,,C
20140304,9:35:24.002,Y,ACW,,4.63,2,4.81,1,R,Y,Y,580083,0,0,A,C
20140304,9:35:24.003,Y,ACW,,4.63,2,4.87,2,R,Y,Y,580084,0,0,A,C
20140304,9:35:24.129,T,ACW,,4.72,1,4.81,1,R,T,T,580180,0,0,,C
20140304,9:35:24.129,J,ACW,,4.58,1,4.8,7,R,J,J,580181,0,0,,C
20140304,9:35:24.130,N,ACW,,4.76,1,4.8,13,R,N,N,580182,1,0,A,C
20140304,9:35:24.181,B,ACW,,4.76,2,0,0,R,B,B,580370,6,0,,C
20140304,9:35:24.332,T,ACW,,4.74,1,4.81,1,R,T,T,580587,0,0,,C
20140304,9:35:24.332,Z,ACW,,4.74,1,4.81,1,R,Z,Z,580588,0,0,,C
20140304,9:35:24.333,N,ACW,,4.76,1,4.8,12,R,N,N,580589,6,0,A,C
20140304,9:35:31.226,Z,ACW,,4.74,1,4.82,1,R,Z,Z,593127,0,0,,C
20140304,9:35:31.826,Z,ACW,,4.74,1,4.81,1,R,Z,Z,594502,0,0,,C
20140304,9:35:34.076,T,ACW,,4.74,1,4.82,1,R,T,T,599453,0,0,,C
20140304,9:35:34.676,T,ACW,,4.74,1,4.81,1,R,T,T,600434,0,0,,C
20140304,9:35:35.472,P,ACW,,4.65,2,4.76,47,R,P,P,602023,6,0,,C
20140304,9:35:35.473,N,ACW,,4.75,1,4.8,12,R,N,N,602025,0,0,A,C
20140304,9:35:35.474,B,ACW,,0,0,0,0,R,B,B,602026,6,0,,C
20140304,9:35:35.474,T,ACW,,4.72,1,4.81,1,R,T,T,602027,0,0,,C
20140304,9:35:35.474,N,ACW,,4.75,1,4.78,1,R,N,N,602028,0,0,A,C
20140304,9:35:35.474,Z,ACW,,4.72,1,4.81,1,R,Z,Z,602029,0,0,,C
20140304,9:35:35.474,Y,ACW,,4.63,2,4.87,2,R,Y,Y,602030,0,0,A,C
20140304,9:35:35.474,T,ACW,,4.72,1,4.76,1,R,T,T,602031,0,0,,C
20140304,9:35:35.474,N,ACW,,4.74,2,4.78,1,R,N,N,602033,6,0,A,C
20140304,9:35:35.481,N,ACW,,4.74,1,4.78,1,R,N,N,602078,6,0,A,C
20140304,9:35:35.482,T,ACW,,4.71,1,4.76,1,R,T,T,602083,0,0,,C
20140304,9:35:35.482,N,ACW,,4.72,1,4.78,1,R,N,N,602084,6,0,A,C
20140304,9:35:35.482,Z,ACW,,4.62,1,4.81,1,R,Z,Z,602085,6,0,,C
20140304,9:35:35.482,N,ACW,,4.72,1,4.77,1,R,N,N,602086,0,0,A,C
20140304,9:35:35.483,P,ACW,,4.72,1,4.76,47,R,P,P,602090,0,0,,C
20140304,9:35:35.483,N,ACW,,4.72,2,4.77,1,R,N,N,602091,6,0,A,C
20140304,9:35:35.483,P,ACW,,4.71,1,4.76,47,R,P,P,602092,0,0,,C
20140304,9:35:35.483,P,ACW,,4.7,1,4.76,47,R,P,P,602093,0,0,,C
20140304,9:35:35.484,N,ACW,,4.72,1,4.77,1,R,N,N,602094,6,0,A,C
20140304,9:35:35.484,P,ACW,,4.69,1,4.76,47,R,P,P,602095,0,0,,C
20140304,9:35:35.484,N,ACW,,4.71,1,4.77,1,R,N,N,602096,6,0,A,C
20140304,9:35:35.484,N,ACW,,4.71,2,4.77,1,R,N,N,602097,6,0,A,C
20140304,9:35:35.484,N,ACW,,4.71,1,4.77,1,R,N,N,602098,6,0,A,C
20140304,9:35:35.489,P,ACW,,4.71,1,4.76,47,R,P,P,602099,0,0,,C
20140304,9:35:35.490,P,ACW,,4.69,1,4.76,47,R,P,P,602105,0,0,,C
20140304,9:35:35.491,W,ACW,,0,0,4.98,3,R,W,W,602107,0,0,,C
20140304,9:35:35.491,W,ACW,,0,0,0,0,R,W,W,602109,0,0,,C
20140304,9:35:35.491,W,ACW,,4.52,3,0,0,R,W,W,602110,0,0,,C
20140304,9:35:35.491,W,ACW,,4.52,3,4.95,3,R,W,W,602111,0,0,,C
20140304,9:35:35.622,T,ACW,,4.71,1,4.82,1,R,T,T,602309,6,0,,C
20140304,9:35:35.623,T,ACW,,4.62,1,4.82,1,R,T,T,602312,0,0,,C
20140304,9:35:35.623,P,ACW,,4.66,1,4.76,47,R,P,P,602320,0,0,,C
20140304,9:35:35.624,T,ACW,,4.62,1,4.78,1,R,T,T,602323,0,0,,C
20140304,9:35:35.624,Z,ACW,,4.62,1,4.78,1,R,Z,Z,602324,0,0,,C
20140304,9:35:35.649,N,ACW,,4.71,1,4.75,1,R,N,N,602343,1,0,A,C
20140304,9:35:35.775,T,ACW,,4.66,1,4.78,1,R,T,T,602585,0,0,,C
20140304,9:35:35.775,Z,ACW,,4.66,1,4.78,1,R,Z,Z,602586,0,0,,C
20140304,9:35:35.992,B,ACW,,4.71,1,0,0,R,B,B,602859,0,0,,C
20140304,9:35:35.994,N,ACW,,4.73,1,4.75,1,R,N,N,602860,1,0,A,C
20140304,9:35:36.065,N,ACW,,4.73,1,4.77,1,R,N,N,602915,6,0,A,C
20140304,9:35:36.146,T,ACW,,4.7,1,4.78,1,R,T,T,603010,0,0,,C
20140304,9:35:36.146,Z,ACW,,4.7,1,4.78,1,R,Z,Z,603012,0,0,,C
20140304,9:35:36.499,D,ACW,,4.6,1,6,2,R,D,D,603339,0,1,A,C
20140304,9:35:37.112,P,ACW,,4.66,1,4.8,1,R,P,P,604822,6,0,A,C
20140304,9:35:37.113,Y,ACW,,4.63,2,4.87,2,R,Y,Y,604824,0,0,A,C
20140304,9:35:37.113,T,ACW,,4.7,1,4.82,1,R,T,T,604825,0,0,A,C
20140304,9:35:37.113,N,ACW,,4.74,1,4.77,1,R,N,N,604826,1,0,A,C
20140304,9:35:37.114,Z,ACW,,4.7,1,4.82,1,R,Z,Z,604827,0,0,A,C
20140304,9:35:37.114,N,ACW,,4.74,1,4.78,1,R,N,N,604829,1,0,A,C
20140304,9:35:37.115,T,ACW,,4.7,1,4.81,1,R,T,T,604830,0,0,A,C
20140304,9:35:37.115,Z,ACW,,4.7,1,4.81,1,R,Z,Z,604831,0,0,A,C
20140304,9:35:37.117,P,ACW,,4.66,1,4.78,1,R,P,P,604832,0,0,A,C
20140304,9:35:37.120,N,ACW,,4.74,1,4.78,2,R,N,N,604839,1,0,A,C
20140304,9:35:37.269,T,ACW,,4.7,1,4.8,1,R,T,T,605052,0,0,A,C
20140304,9:35:37.269,Z,ACW,,4.7,1,4.8,1,R,Z,Z,605053,0,0,A,C
20140304,9:35:37.376,Y,ACW,,4.63,2,4.86,1,R,Y,Y,605261,0,0,A,C
20140304,9:35:37.402,D,ACW,,4.6,1,4.86,1,R,D,D,605283,0,1,A,C
20140304,9:35:38.230,B,ACW,,0,0,0,0,R,B,B,606520,0,0,,C
20140304,9:35:38.230,Y,ACW,,4.63,2,4.86,1,R,Y,Y,606521,0,0,A,C
20140304,9:35:38.268,T,ACW,,4.74,1,4.8,1,R,T,T,606561,0,0,,C
20140304,9:35:38.269,N,ACW,,4.74,1,4.78,2,R,N,N,606562,6,0,A,C
20140304,9:35:38.419,Z,ACW,,4.72,1,4.8,1,R,Z,Z,606797,0,0,,C
20140304,9:35:38.876,N,ACW,,4.75,1,4.78,2,R,N,N,607438,1,0,A,C
20140304,9:35:38.880,W,ACW,,0,0,4.95,3,R,W,W,607457,0,0,,C
20140304,9:35:38.880,W,ACW,,0,0,0,0,R,W,W,607458,0,0,,C
20140304,9:35:38.881,W,ACW,,4.56,3,0,0,R,W,W,607459,0,0,,C
20140304,9:35:38.881,W,ACW,,4.56,3,4.97,3,R,W,W,607461,0,0,,C
20140304,9:35:38.897,N,ACW,,4.75,1,4.78,1,R,N,N,607497,6,0,A,C
20140304,9:35:38.898,P,ACW,,4.66,1,4.8,1,R,P,P,607509,6,0,,C
20140304,9:35:38.898,N,ACW,,4.75,1,4.79,1,R,N,N,607512,1,0,A,C
20140304,9:35:38.900,T,ACW,,4.74,1,4.82,1,R,T,T,607536,0,0,,C
20140304,9:35:38.900,Z,ACW,,4.72,1,4.82,1,R,Z,Z,607539,0,0,,C
20140304,9:35:38.901,P,ACW,,4.66,1,4.81,1,R,P,P,607544,0,0,,C
20140304,9:35:38.902,T,ACW,,4.74,1,4.81,1,R,T,T,607562,0,0,,C
20140304,9:35:38.902,P,ACW,,4.66,1,4.83,1,R,P,P,607569,0,0,,C
20140304,9:35:38.903,Z,ACW,,4.72,1,4.81,1,R,Z,Z,607576,0,0,,C
20140304,9:35:38.904,P,ACW,,4.66,1,4.8,1,R,P,P,607605,0,0,,C
20140304,9:35:38.945,P,ACW,,4.66,1,4.79,1,R,P,P,608129,0,0,,C
20140304,9:35:38.946,N,ACW,,4.75,1,4.79,2,R,N,N,608130,1,0,A,C
20140304,9:35:41.215,T,ACW,,4.72,1,4.81,1,R,T,T,613830,0,0,,C
20140304,9:35:41.255,B,ACW,,4.75,1,0,0,R,B,B,613946,0,0,,C
20140304,9:35:42.019,Z,ACW,,4.72,1,4.81,1,R,Z,Z,615484,0,0,,C
20140304,9:35:47.035,Z,ACW,,4.72,1,4.81,1,R,Z,Z,627044,0,0,,C
20140304,9:35:50.053,B,ACW,,4.75,2,0,0,R,B,B,632154,6,0,,C
20140304,9:35:57.026,T,ACW,,4.72,1,4.82,1,R,T,T,644932,0,0,,C
20140304,9:35:57.026,N,ACW,,4.75,1,4.79,2,R,N,N,644934,0,0,A,C
20140304,9:35:57.626,T,ACW,,4.72,1,4.81,1,R,T,T,646177,0,0,,C
20140304,9:35:58.076,Z,ACW,,4.72,1,4.82,1,R,Z,Z,647538,0,0,,C
20140304,9:35:58.676,Z,ACW,,4.72,1,4.81,1,R,Z,Z,648891,0,0,,C
20140304,9:36:10.076,Z,ACW,,4.72,1,4.82,1,R,Z,Z,673749,0,0,,C
20140304,9:36:10.676,Z,ACW,,4.72,1,4.81,1,R,Z,Z,676622,0,0,,C
20140304,9:36:10.677,N,ACW,,4.75,1,4.79,2,R,N,N,676626,0,0,A,C
20140304,9:36:10.709,D,ACW,,4.6,1,4.8,1,R,D,D,676718,0,1,A,C
20140304,9:36:10.826,T,ACW,,4.72,1,4.82,1,R,T,T,677136,0,0,,C
20140304,9:36:10.867,D,ACW,,4.6,1,4.86,1,R,D,D,677266,0,1,A,C
20140304,9:36:11.426,T,ACW,,4.72,1,4.81,1,R,T,T,678301,0,0,,C
20140304,9:36:12.694,K,ACW,,4.38,7,4.79,1,R,K,K,680988,0,0,,C
20140304,9:36:12.694,P,ACW,,4.66,1,4.79,2,R,P,P,680989,0,0,,C
20140304,9:36:12.694,T,ACW,,4.72,1,4.79,1,R,T,T,680990,0,0,,C
20140304,9:36:21.630,N,ACW,,4.75,1,4.79,3,R,N,N,695024,6,0,A,C
20140304,9:36:27.553,N,ACW,,4.73,1,4.79,3,R,N,N,704194,0,0,A,C
20140304,9:36:27.554,T,ACW,,4.72,1,4.78,1,R,T,T,704196,6,0,,C
20140304,9:36:27.554,N,ACW,,4.73,1,4.78,1,R,N,N,704197,0,0,A,C
20140304,9:36:27.554,B,ACW,,4.75,1,0,0,R,B,B,704198,6,0,,C
20140304,9:36:27.554,B,ACW,,0,0,0,0,R,B,B,704199,6,0,,C
20140304,9:36:27.554,T,ACW,,4.7,1,4.78,1,R,T,T,704200,6,0,,C
20140304,9:36:27.555,P,ACW,,4.73,1,4.79,2,R,P,P,704201,0,0,,C
20140304,9:36:27.555,Z,ACW,,4.7,1,4.81,1,R,Z,Z,704202,0,0,,C
20140304,9:36:27.555,P,ACW,,4.73,1,4.78,1,R,P,P,704203,0,0,,C
20140304,9:36:27.555,P,ACW,,4.72,1,4.78,1,R,P,P,704205,0,0,,C
20140304,9:36:27.555,N,ACW,,4.73,2,4.78,1,R,N,N,704206,6,0,A,C
20140304,9:36:27.555,N,ACW,,4.73,2,4.78,2,R,N,N,704207,1,0,A,C
20140304,9:36:27.556,N,ACW,,4.73,2,4.77,1,R,N,N,704208,1,0,A,C
20140304,9:36:27.556,N,ACW,,4.73,1,4.77,1,R,N,N,704209,1,0,A,C
20140304,9:36:27.556,P,ACW,,4.71,1,4.78,1,R,P,P,704210,0,0,,C
20140304,9:36:27.557,P,ACW,,4.7,1,4.78,1,R,P,P,704216,0,0,,C
20140304,9:36:27.558,T,ACW,,4.62,1,4.78,1,R,T,T,704218,0,0,,C
20140304,9:36:27.558,Z,ACW,,4.62,1,4.81,1,R,Z,Z,704219,0,0,,C
20140304,9:36:27.558,N,ACW,,4.73,1,4.76,1,R,N,N,704221,1,0,A,C
20140304,9:36:27.559,J,ACW,,4.58,1,4.87,1,R,J,J,704222,0,0,,C
20140304,9:36:27.559,P,ACW,,4.7,1,4.78,7,R,P,P,704224,0,0,,C
20140304,9:36:27.559,N,ACW,,4.7,1,4.76,1,R,N,N,704225,6,0,A,C
20140304,9:36:27.559,N,ACW,,4.72,1,4.76,1,R,N,N,704226,1,0,A,C
20140304,9:36:27.560,N,ACW,,4.72,1,4.77,1,R,N,N,704227,1,0,A,C
20140304,9:36:27.561,J,ACW,,4.58,1,4.78,7,R,J,J,704228,0,0,,C
20140304,9:36:27.561,P,ACW,,4.7,1,4.78,4,R,P,P,704229,0,0,,C
20140304,9:36:27.563,W,ACW,,0,0,4.97,3,R,W,W,704230,0,0,,C
20140304,9:36:27.563,W,ACW,,0,0,0,0,R,W,W,704231,0,0,,C
20140304,9:36:27.563,W,ACW,,4.51,3,0,0,R,W,W,704232,0,0,,C
20140304,9:36:27.563,W,ACW,,4.51,3,4.95,3,R,W,W,704233,0,0,,C
20140304,9:36:27.563,P,ACW,,4.7,4,4.78,4,R,P,P,704238,0,0,,C
20140304,9:36:27.563,P,ACW,,4.7,7,4.78,4,R,P,P,704241,0,0,,C
20140304,9:36:27.565,Y,ACW,,4.7,5,4.86,1,R,Y,Y,704244,0,0,A,C
20140304,9:36:27.565,J,ACW,,4.7,7,4.78,7,R,J,J,704245,0,0,,C
20140304,9:36:27.566,P,ACW,,4.72,1,4.78,4,R,P,P,704246,0,0,,C
20140304,9:36:27.566,J,ACW,,4.58,1,4.78,7,R,J,J,704247,0,0,,C
20140304,9:36:27.567,P,ACW,,4.7,7,4.78,4,R,P,P,704248,0,0,,C
20140304,9:36:27.587,J,ACW,,4.58,1,4.87,1,R,J,J,704256,0,0,,C
20140304,9:36:27.588,P,ACW,,4.72,1,4.78,4,R,P,P,704257,0,0,,C
20140304,9:36:27.589,P,ACW,,4.7,7,4.78,4,R,P,P,704261,0,0,,C
20140304,9:36:27.591,Y,ACW,,4.63,2,4.86,1,R,Y,Y,704262,0,0,A,C
20140304,9:36:27.593,Y,ACW,,4.72,5,4.86,1,R,Y,Y,704266,6,0,A,C
20140304,9:36:27.620,N,ACW,,4.76,1,4.77,1,R,N,N,704279,1,0,A,C
20140304,9:36:27.622,N,ACW,,4.73,1,4.77,1,R,N,N,704280,1,0,A,C
20140304,9:36:27.622,N,ACW,,4.73,1,4.76,2,R,N,N,704282,1,0,A,C
20140304,9:36:27.623,N,ACW,,4.73,1,4.76,3,R,N,N,704283,1,0,A,C
20140304,9:36:27.624,W,ACW,,0,0,4.95,3,R,W,W,704286,0,0,,C
20140304,9:36:27.624,W,ACW,,0,0,0,0,R,W,W,704287,0,0,,C
20140304,9:36:27.624,W,ACW,,4.57,3,0,0,R,W,W,704288,0,0,,C
20140304,9:36:27.624,W,ACW,,4.57,3,4.96,3,R,W,W,704289,0,0,,C
20140304,9:36:27.625,P,ACW,,4.7,7,4.78,1,R,P,P,704290,0,0,,C
20140304,9:36:27.629,Y,ACW,,4.63,2,4.86,1,R,Y,Y,704298,0,0,A,C
20140304,9:36:27.682,N,ACW,,4.7,1,4.76,3,R,N,N,704315,6,0,A,C
20140304,9:36:27.682,N,ACW,,4.71,1,4.76,3,R,N,N,704316,1,0,A,C
20140304,9:36:27.685,P,ACW,,4.7,4,4.78,1,R,P,P,704317,0,0,,C
20140304,9:36:27.685,P,ACW,,4.71,3,4.78,1,R,P,P,704318,6,0,,C
20140304,9:36:27.688,J,ACW,,4.58,1,4.76,7,R,J,J,704319,6,0,,C
20140304,9:36:27.688,J,ACW,,4.7,7,4.76,7,R,J,J,704320,0,0,,C
20140304,9:36:27.688,W,ACW,,0,0,4.96,3,R,W,W,704321,0,0,,C
20140304,9:36:27.688,W,ACW,,0,0,0,0,R,W,W,704322,0,0,,C
20140304,9:36:27.688,W,ACW,,4.52,3,0,0,R,W,W,704323,0,0,,C
20140304,9:36:27.688,W,ACW,,4.52,3,4.95,3,R,W,W,704324,0,0,,C
20140304,9:36:27.689,J,ACW,,4.7,7,4.87,1,R,J,J,704325,6,0,,C
20140304,9:36:27.707,N,ACW,,4.7,1,4.76,3,R,N,N,704330,0,0,A,C
20140304,9:36:27.707,N,ACW,,4.72,1,4.76,3,R,N,N,704331,1,0,A,C
20140304,9:36:27.709,T,ACW,,4.62,1,4.79,1,R,T,T,704332,0,0,,C
20140304,9:36:27.714,J,ACW,,4.58,1,4.87,1,R,J,J,704334,0,0,,C
20140304,9:36:27.774,T,ACW,,4.62,1,4.78,1,R,T,T,704373,0,0,,C
20140304,9:36:27.774,Z,ACW,,4.62,1,4.78,1,R,Z,Z,704374,0,0,,C
20140304,9:36:27.780,T,ACW,,4.68,1,4.78,1,R,T,T,704375,0,0,,C
20140304,9:36:27.780,Z,ACW,,4.68,1,4.78,1,R,Z,Z,704376,0,0,,C
20140304,9:36:27.812,D,ACW,,4.6,1,4.78,1,R,D,D,704401,0,1,A,C
20140304,9:36:28.073,B,ACW,,4.72,1,0,0,R,B,B,704836,0,0,,C
20140304,9:36:28.073,N,ACW,,4.72,2,4.76,3,R,N,N,704837,1,0,A,C
20140304,9:36:28.083,N,ACW,,4.72,3,4.76,3,R,N,N,704873,1,0,A,C
20140304,9:36:28.213,N,ACW,,4.73,1,4.76,3,R,N,N,705067,1,0,A,C
20140304,9:36:28.224,T,ACW,,4.7,1,4.78,1,R,T,T,705118,0,0,,C
20140304,9:36:28.224,Z,ACW,,4.7,1,4.78,1,R,Z,Z,705123,0,0,,C
20140304,9:36:28.622,N,ACW,,4.73,1,4.76,1,R,N,N,705516,1,0,A,C
20140304,9:36:28.623,N,ACW,,4.73,2,4.76,1,R,N,N,705517,1,0,A,C
20140304,9:36:28.623,T,ACW,,4.7,1,4.79,1,R,T,T,705518,0,0,,C
20140304,9:36:28.623,Z,ACW,,4.7,1,4.82,1,R,Z,Z,705519,0,0,,C
20140304,9:36:28.624,N,ACW,,4.73,2,4.77,1,R,N,N,705520,1,0,A,C
20140304,9:36:28.625,Z,ACW,,4.7,1,4.81,1,R,Z,Z,705522,0,0,,C
20140304,9:36:28.650,D,ACW,,4.6,1,4.86,1,R,D,D,705534,0,1,A,C
20140304,9:36:28.774,Z,ACW,,4.7,1,4.8,1,R,Z,Z,705601,0,0,,C
20140304,9:36:29.276,Z,ACW,,4.7,1,4.79,1,R,Z,Z,706262,0,0,,C
20140304,9:36:30.648,J,ACW,,4.73,1,4.87,1,R,J,J,708026,0,0,,C
20140304,9:36:30.648,N,ACW,,4.73,3,4.77,1,R,N,N,708028,1,0,A,C
20140304,9:36:30.710,P,ACW,,4.71,3,4.77,1,R,P,P,708154,0,0,,C
20140304,9:36:30.710,N,ACW,,4.73,3,4.77,2,R,N,N,708155,1,0,A,C
20140304,9:36:30.710,N,ACW,,4.73,2,4.77,2,R,N,N,708156,1,0,A,C
20140304,9:36:43.526,Z,ACW,,4.7,1,4.8,1,R,Z,Z,728650,0,0,,C
20140304,9:37:01.936,P,ACW,,4.73,1,4.77,1,R,P,P,751798,0,0,,C
20140304,9:37:01.936,N,ACW,,4.73,3,4.77,2,R,N,N,751799,1,0,A,C
20140304,9:37:02.052,K,ACW,,4.38,7,4.76,2,R,K,K,752040,6,0,,C
20140304,9:37:02.983,P,ACW,,4.73,2,4.77,1,R,P,P,752807,0,0,,C
20140304,9:37:02.984,P,ACW,,4.73,1,4.77,1,R,P,P,752809,0,0,,C
20140304,9:37:03.011,P,ACW,,4.73,2,4.77,1,R,P,P,752850,0,0,,C
20140304,9:37:03.012,P,ACW,,4.73,1,4.77,1,R,P,P,752851,0,0,,C
20140304,9:37:03.048,N,ACW,,4.74,1,4.77,2,R,N,N,752888,6,0,A,C
20140304,9:37:05.082,J,ACW,,4.58,1,4.87,1,R,J,J,755430,0,0,,C
20140304,9:37:05.084,B,ACW,,0,0,0,0,R,B,B,755434,0,0,,C
20140304,9:37:05.143,B,ACW,,4.74,2,0,0,R,B,B,755492,6,0,,C
20140304,9:37:05.143,N,ACW,,4.74,1,4.77,2,R,N,N,755493,0,0,A,C
20140304,9:37:05.294,T,ACW,,4.72,1,4.79,1,R,T,T,755983,0,0,,C
20140304,9:37:05.294,Z,ACW,,4.72,1,4.8,1,R,Z,Z,755984,0,0,,C
20140304,9:37:05.295,N,ACW,,4.74,2,4.77,2,R,N,N,755986,0,0,A,C
20140304,9:37:05.592,P,ACW,,4.73,1,4.78,1,R,P,P,756709,0,0,,C
20140304,9:37:05.593,N,ACW,,4.74,2,4.77,1,R,N,N,756710,0,0,A,C
20140304,9:37:05.824,N,ACW,,4.74,3,4.77,1,R,N,N,757231,6,0,A,C
20140304,9:37:05.886,Y,ACW,,4.63,2,4.86,1,R,Y,Y,757581,0,0,,C
20140304,9:37:05.887,Y,ACW,,4.63,2,4.86,1,R,Y,Y,757590,0,0,A,C
20140304,9:37:07.266,N,ACW,,4.74,4,4.77,1,R,N,N,759309,6,0,A,C
20140304,9:37:07.556,K,ACW,,4.38,7,4.76,1,R,K,K,759474,6,0,,C
20140304,9:37:07.562,Y,ACW,,4.63,2,4.86,1,R,Y,Y,759476,0,0,,C
20140304,9:37:07.563,Y,ACW,,4.63,2,4.86,1,R,Y,Y,759477,0,0,A,C
20140304,9:37:07.563,N,ACW,,4.74,4,4.77,1,R,N,N,759478,0,0,A,C
20140304,9:37:07.563,N,ACW,,4.74,4,4.77,1,R,N,N,759479,0,0,A,C
20140304,9:37:09.383,K,ACW,,4.38,7,4.79,1,R,K,K,762069,6,0,,C
20140304,9:37:09.384,N,ACW,,4.74,4,4.78,2,R,N,N,762072,1,0,A,C
20140304,9:37:10.763,K,ACW,,4.38,7,4.85,4,R,K,K,764999,0,0,,C
20140304,9:37:10.763,T,ACW,,4.72,1,4.8,1,R,T,T,765001,0,0,,C
20140304,9:37:10.763,K,ACW,,4.38,7,4.78,1,R,K,K,765002,0,0,,C
20140304,9:37:10.764,P,ACW,,4.73,1,4.78,2,R,P,P,765003,0,0,,C
20140304,9:37:10.764,T,ACW,,4.72,1,4.78,1,R,T,T,765004,0,0,,C
20140304,9:37:17.483,K,ACW,,4.75,4,4.78,1,R,K,K,777443,6,0,,C
20140304,9:37:17.484,N,ACW,,4.74,4,4.78,2,R,N,N,777444,6,0,A,C
20140304,9:37:17.486,W,ACW,,0,0,4.95,3,R,W,W,777451,0,0,,C
20140304,9:37:17.486,W,ACW,,0,0,0,0,R,W,W,777452,0,0,,C
20140304,9:37:17.486,W,ACW,,4.56,3,0,0,R,W,W,777453,0,0,,C
20140304,9:37:17.486,W,ACW,,4.56,3,4.97,3,R,W,W,777454,0,0,,C
20140304,9:37:19.654,B,ACW,,0,0,0,0,R,B,B,779866,0,0,,C
20140304,9:37:19.655,N,ACW,,4.74,3,4.78,2,R,N,N,779867,0,0,A,C
20140304,9:37:19.694,N,ACW,,4.75,2,4.78,2,R,N,N,779879,0,0,A,C
20140304,9:37:19.695,N,ACW,,4.75,3,4.78,2,R,N,N,779880,0,0,A,C
20140304,9:37:19.720,N,ACW,,4.75,4,4.78,2,R,N,N,779889,0,0,A,C
20140304,9:37:26.876,Z,ACW,,4.72,1,4.79,1,R,Z,Z,788083,0,0,,C
20140304,9:37:27.626,Z,ACW,,4.72,1,4.8,1,R,Z,Z,789172,0,0,,C
20140304,9:37:31.063,P,ACW,,4.72,1,4.78,2,R,P,P,794380,6,0,,C
20140304,9:37:31.688,T,ACW,,4.75,1,4.78,1,R,T,T,795774,0,0,,C
20140304,9:37:32.345,K,ACW,,4.77,3,4.78,1,R,K,K,796822,6,0,,C
20140304,9:37:32.346,N,ACW,,4.75,4,4.78,1,R,N,N,796824,6,0,A,C
20140304,9:37:32.359,P,ACW,,4.77,1,4.78,2,R,P,P,796838,0,0,,C
20140304,9:37:32.360,P,ACW,,4.72,1,4.78,2,R,P,P,796841,0,0,,C
20140304,9:37:32.383,P,ACW,,4.77,1,4.78,2,R,P,P,796854,0,0,,C
20140304,9:37:32.384,P,ACW,,4.72,1,4.78,2,R,P,P,796855,0,0,,C
20140304,9:37:32.404,N,ACW,,4.75,4,4.79,2,R,N,N,796870,0,0,A,C
20140304,9:37:32.405,P,ACW,,4.72,1,4.78,1,R,P,P,796871,6,0,,C
20140304,9:37:34.465,N,ACW,,4.75,2,4.79,2,R,N,N,799159,0,0,A,C
20140304,9:37:34.503,N,ACW,,4.77,2,4.79,2,R,N,N,799207,0,0,A,C
20140304,9:37:34.508,N,ACW,,4.77,3,4.79,2,R,N,N,799213,0,0,A,C
20140304,9:37:34.655,Z,ACW,,4.74,1,4.8,1,R,Z,Z,799308,0,0,,C
20140304,9:37:35.318,T,ACW,,4.75,1,4.82,1,R,T,T,800284,6,0,,C
20140304,9:37:35.318,T,ACW,,4.76,1,4.82,1,R,T,T,800286,0,0,,C
20140304,9:37:35.318,T,ACW,,4.76,2,4.82,1,R,T,T,800287,0,0,,C
20140304,9:37:35.318,K,ACW,,4.77,3,4.81,10,R,K,K,800289,6,0,,C
20140304,9:37:35.318,P,ACW,,4.72,1,4.79,1,R,P,P,800290,6,0,,C
20140304,9:37:35.318,Z,ACW,,4.74,1,4.82,1,R,Z,Z,800291,0,0,,C
20140304,9:37:35.318,Y,ACW,,4.63,2,4.82,1,R,Y,Y,800295,0,0,A,C
20140304,9:37:35.319,K,ACW,,4.77,4,4.81,10,R,K,K,800296,6,0,,C
20140304,9:37:35.319,P,ACW,,4.73,1,4.79,1,R,P,P,800297,0,0,,C
20140304,9:37:35.319,B,ACW,,0,0,4.82,1,R,B,B,800298,0,0,,C
20140304,9:37:35.319,P,ACW,,4.78,1,4.79,1,R,P,P,800300,6,0,,C
20140304,9:37:35.319,K,ACW,,4.78,2,4.81,10,R,K,K,800302,6,0,,C
20140304,9:37:35.319,P,ACW,,4.78,1,4.82,1,R,P,P,800303,0,0,,C
20140304,9:37:35.319,T,ACW,,4.78,1,4.82,1,R,T,T,800304,0,0,,C
20140304,9:37:35.319,N,ACW,,4.77,3,4.79,1,R,N,N,800305,6,0,A,C
20140304,9:37:35.321,K,ACW,,4.78,7,4.81,10,R,K,K,800308,6,0,,C
20140304,9:37:35.321,K,ACW,,4.78,6,4.81,10,R,K,K,800310,6,0,,C
20140304,9:37:35.322,N,ACW,,4.77,4,4.79,1,R,N,N,800312,0,0,A,C
20140304,9:37:35.361,D,ACW,,4.6,1,4.81,1,R,D,D,800421,0,1,A,C
20140304,9:37:35.361,D,ACW,,4.6,1,4.86,1,R,D,D,800422,0,1,A,C
20140304,9:37:35.362,D,ACW,,4.6,1,4.82,1,R,D,D,800423,0,1,A,C
20140304,9:37:35.415,T,ACW,,4.76,2,4.82,1,R,T,T,800456,0,0,,C
20140304,9:37:35.415,P,ACW,,4.73,1,4.82,1,R,P,P,800457,0,0,,C
20140304,9:37:35.415,K,ACW,,4.78,5,4.81,10,R,K,K,800458,6,0,,C
20140304,9:37:35.434,N,ACW,,4.77,4,4.8,12,R,N,N,800502,6,0,A,C
20140304,9:37:35.434,T,ACW,,4.79,1,4.82,1,R,T,T,800509,6,0,,C
20140304,9:37:35.435,B,ACW,,0,0,0,0,R,B,B,800510,0,0,,C
20140304,9:37:35.435,Y,ACW,,4.63,2,4.86,1,R,Y,Y,800511,0,0,A,C
20140304,9:37:35.437,Y,ACW,,4.63,1,4.86,1,R,Y,Y,800513,0,0,A,C
20140304,9:37:35.437,Y,ACW,,4.6,1,4.86,1,R,Y,Y,800514,0,0,A,C
20140304,9:37:35.437,W,ACW,,0,0,4.97,3,R,W,W,800515,0,0,,C
20140304,9:37:35.437,W,ACW,,0,0,0,0,R,W,W,800516,0,0,,C
20140304,9:37:35.438,W,ACW,,4.6,3,0,0,R,W,W,800517,0,0,,C
20140304,9:37:35.438,W,ACW,,4.6,3,4.99,3,R,W,W,800518,0,0,,C
20140304,9:37:35.444,Y,ACW,,4.69,1,4.86,1,R,Y,Y,800521,0,0,A,C
20140304,9:37:35.447,D,ACW,,4.6,1,4.81,1,R,D,D,800522,0,1,A,C
20140304,9:37:35.466,P,ACW,,4.72,1,4.82,1,R,P,P,800538,0,0,,C
20140304,9:37:35.478,D,ACW,,4.6,1,4.86,1,R,D,D,800557,0,1,A,C
20140304,9:37:35.508,Y,ACW,,4.69,2,4.86,1,R,Y,Y,800586,0,0,A,C
20140304,9:37:35.526,T,ACW,,4.76,1,4.82,1,R,T,T,800618,6,0,,C
20140304,9:37:35.526,B,ACW,,0,0,4.82,1,R,B,B,800619,0,0,,C
20140304,9:37:35.526,Y,ACW,,4.69,2,4.82,1,R,Y,Y,800621,0,0,A,C
20140304,9:37:35.543,D,ACW,,4.6,1,4.81,1,R,D,D,800638,0,1,A,C
20140304,9:37:36.751,N,ACW,,4.77,4,4.8,13,R,N,N,802134,6,0,A,C
20140304,9:37:37.296,N,ACW,,4.77,2,4.8,13,R,N,N,802515,0,0,A,C
20140304,9:37:37.336,N,ACW,,4.78,2,4.8,13,R,N,N,802578,0,0,A,C
20140304,9:37:37.353,N,ACW,,4.78,3,4.8,13,R,N,N,802583,0,0,A,C
20140304,9:37:37.488,T,ACW,,4.76,2,4.82,1,R,T,T,802620,0,0,,C
20140304,9:37:37.488,Z,ACW,,4.76,1,4.82,1,R,Z,Z,802621,0,0,,C
20140304,9:37:38.588,P,ACW,,4.72,1,4.8,1,R,P,P,803842,0,0,,C
20140304,9:37:39.505,N,ACW,,4.78,3,4.8,12,R,N,N,804996,6,0,A,C
20140304,9:37:39.788,K,ACW,,4.77,3,4.81,10,R,K,K,805417,6,0,,C
20140304,9:37:39.789,N,ACW,,4.78,3,4.8,13,R,N,N,805419,1,0,A,C
20140304,9:37:39.800,K,ACW,,4.79,5,4.81,10,R,K,K,805423,6,0,,C
20140304,9:37:39.800,N,ACW,,4.78,3,4.8,12,R,N,N,805424,6,0,A,C
20140304,9:37:40.703,K,ACW,,4.77,3,4.81,10,R,K,K,806458,6,0,,C
20140304,9:37:40.704,N,ACW,,4.78,3,4.8,13,R,N,N,806459,1,0,A,C
20140304,9:37:40.734,P,ACW,,4.78,1,4.8,1,R,P,P,806684,0,0,,C
20140304,9:37:40.735,P,ACW,,4.72,1,4.8,1,R,P,P,806693,0,0,,C
20140304,9:37:40.756,P,ACW,,4.78,1,4.8,1,R,P,P,806807,0,0,,C
20140304,9:37:40.757,P,ACW,,4.72,1,4.8,1,R,P,P,806820,0,0,,C
20140304,9:37:40.789,N,ACW,,4.78,4,4.8,13,R,N,N,806848,1,0,A,C
20140304,9:37:43.824,Y,ACW,,4.69,2,4.82,1,R,Y,Y,810699,0,0,,C
20140304,9:37:43.824,N,ACW,,4.78,4,4.8,13,R,N,N,810701,0,0,,C
20140304,9:37:44.605,N,ACW,,4.78,4,4.8,3,R,N,N,811148,1,0,,C
20140304,9:37:44.606,P,ACW,,4.72,1,4.81,1,R,P,P,811149,0,0,,C
20140304,9:37:44.606,N,ACW,,4.78,4,4.8,2,R,N,N,811150,1,0,,C
20140304,9:37:44.608,P,ACW,,4.72,1,4.84,1,R,P,P,811151,0,0,,C
20140304,9:37:46.955,N,ACW,,4.78,5,4.8,2,R,N,N,814198,1,0,,C
20140304,9:37:47.752,N,ACW,,4.78,5,4.81,1,R,N,N,814773,6,0,,C
20140304,9:37:47.753,T,ACW,,4.79,1,4.82,1,R,T,T,814775,6,0,,C
20140304,9:37:47.753,B,ACW,,0,0,0,0,R,B,B,814776,0,0,,C
20140304,9:37:47.753,Y,ACW,,4.69,2,4.88,1,R,Y,Y,814777,0,0,,C
20140304,9:37:47.753,T,ACW,,4.79,1,4.9,1,R,T,T,814778,0,0,,C
20140304,9:37:47.753,Z,ACW,,4.76,1,4.9,2,R,Z,Z,814779,0,0,,C
20140304,9:37:47.753,Y,ACW,,4.69,2,4.87,1,R,Y,Y,814780,0,0,,C
20140304,9:37:47.753,B,ACW,,0,0,4.87,1,R,B,B,814781,0,0,,C
20140304,9:37:47.753,Z,ACW,,4.76,1,4.9,1,R,Z,Z,814782,0,0,,C
20140304,9:37:47.777,D,ACW,,4.6,1,4.87,1,R,D,D,814789,0,1,A,C
20140304,9:37:47.777,D,ACW,,4.6,1,4.86,1,R,D,D,814790,0,1,A,C
20140304,9:37:47.849,T,ACW,,4.76,2,4.9,1,R,T,T,815037,6,0,,C
20140304,9:37:47.904,T,ACW,,4.76,2,4.84,1,R,T,T,815160,0,0,,C
20140304,9:37:47.904,B,ACW,,0,0,4.84,1,R,B,B,815161,0,0,,C
20140304,9:37:47.904,Z,ACW,,4.76,1,4.84,1,R,Z,Z,815163,0,0,,C
20140304,9:37:47.904,Y,ACW,,4.69,2,4.84,1,R,Y,Y,815164,0,0,,C
20140304,9:37:47.947,D,ACW,,4.6,1,4.87,1,R,D,D,815250,0,1,A,C
20140304,9:37:47.947,D,ACW,,4.6,1,4.83,1,R,D,D,815252,0,1,A,C
20140304,9:37:48.671,K,ACW,,4.78,1,4.81,10,R,K,K,816409,0,0,,C
20140304,9:37:49.030,K,ACW,,4.78,1,4.81,9,R,K,K,816720,6,0,,C
20140304,9:37:49.030,N,ACW,,4.78,5,4.82,1,R,N,N,816721,0,0,,C
20140304,9:37:49.031,T,ACW,,4.79,1,4.84,1,R,T,T,816722,6,0,,C
20140304,9:37:49.031,T,ACW,,4.79,1,4.93,1,R,T,T,816723,0,0,,C
20140304,9:37:49.032,T,ACW,,4.79,1,4.96,1,R,T,T,816724,0,0,,C
20140304,9:37:49.032,T,ACW,,4.79,1,4.99,1,R,T,T,816725,0,0,,C
20140304,9:37:49.032,Z,ACW,,4.76,1,4.96,1,R,Z,Z,816726,0,0,,C
20140304,9:37:49.032,T,ACW,,4.79,1,5.01,2,R,T,T,816727,0,0,,C
20140304,9:37:49.032,Y,ACW,,4.69,2,4.88,1,R,Y,Y,816728,0,0,,C
20140304,9:37:49.032,Y,ACW,,4.69,2,4.87,1,R,Y,Y,816729,0,0,,C
20140304,9:37:49.032,B,ACW,,0,0,0,0,R,B,B,816730,0,0,,C
20140304,9:37:49.032,B,ACW,,0,0,4.87,1,R,B,B,816731,0,0,,C
20140304,9:37:49.033,K,ACW,,4.78,1,4.85,4,R,K,K,816732,6,0,,C
20140304,9:37:49.033,K,ACW,,4.8,1,4.85,4,R,K,K,816733,6,0,,C
20140304,9:37:49.033,N,ACW,,4.78,6,4.82,1,R,N,N,816734,0,0,,C
20140304,9:37:49.033,T,ACW,,4.8,1,5.01,2,R,T,T,816735,0,0,,C
20140304,9:37:49.033,N,ACW,,4.78,6,4.83,1,R,N,N,816736,4,0,,C
20140304,9:37:49.034,N,ACW,,4.79,1,4.83,1,R,N,N,816737,0,0,,C
20140304,9:37:49.035,N,ACW,,4.8,1,4.83,1,R,N,N,816738,0,0,,C
20140304,9:37:49.035,P,ACW,,4.72,1,4.85,1,R,P,P,816739,0,0,,C
20140304,9:37:49.035,T,ACW,,4.8,1,5.01,1,R,T,T,816740,0,0,,C
20140304,9:37:49.036,K,ACW,,4.81,1,4.85,4,R,K,K,816741,4,0,,C
20140304,9:37:49.049,W,ACW,,4.6,3,0,0,R,W,W,816746,0,0,,C
20140304,9:37:49.049,W,ACW,,0,0,0,0,R,W,W,816747,0,0,,C
20140304,9:37:49.049,W,ACW,,4.62,3,0,0,R,W,W,816749,0,0,,C
20140304,9:37:49.049,W,ACW,,4.62,3,5.02,3,R,W,W,816751,0,0,,C
20140304,9:37:49.049,P,ACW,,4.81,1,4.85,1,R,P,P,816752,0,0,,C
20140304,9:37:49.051,P,ACW,,4.72,1,4.85,1,R,P,P,816753,0,0,,C
20140304,9:37:49.055,D,ACW,,4.6,1,4.87,1,R,D,D,816755,6,1,A,C
20140304,9:37:49.055,D,ACW,,4.6,1,4.86,1,R,D,D,816756,0,1,A,C
20140304,9:37:49.074,P,ACW,,4.81,1,4.85,1,R,P,P,816776,0,0,,C
20140304,9:37:49.075,P,ACW,,4.72,1,4.85,1,R,P,P,816782,0,0,,C
20140304,9:37:49.110,N,ACW,,4.81,1,4.83,1,R,N,N,816823,0,0,,C
20140304,9:37:49.125,T,ACW,,4.76,2,5.01,1,R,T,T,816826,0,0,,C
20140304,9:37:49.179,N,ACW,,4.81,2,4.83,1,R,N,N,817176,1,0,,C
20140304,9:37:49.181,J,ACW,,4.58,1,5.13,1,R,J,J,817185,0,0,,C
20140304,9:37:49.181,Y,ACW,,4.69,2,4.88,1,R,Y,Y,817186,0,0,,C
20140304,9:37:49.181,B,ACW,,0,0,0,0,R,B,B,817188,0,0,,C
20140304,9:37:49.181,B,ACW,,0,0,4.96,1,R,B,B,817189,0,0,,C
20140304,9:37:49.182,T,ACW,,4.76,2,4.86,1,R,T,T,817191,0,0,,C
20140304,9:37:49.182,B,ACW,,0,0,4.86,1,R,B,B,817192,0,0,,C
20140304,9:37:49.182,Y,ACW,,4.69,2,4.86,1,R,Y,Y,817194,0,0,,C
20140304,9:37:49.182,Z,ACW,,4.76,1,4.86,1,R,Z,Z,817195,0,0,,C
20140304,9:37:49.187,Z,ACW,,4.78,1,4.86,1,R,Z,Z,817202,0,0,,C
20140304,9:37:49.220,D,ACW,,4.6,1,6,2,R,D,D,817288,0,1,A,C
20140304,9:37:49.220,D,ACW,,4.6,1,4.85,1,R,D,D,817289,0,1,A,C
20140304,9:37:49.262,T,ACW,,4.78,1,4.86,1,R,T,T,817412,0,0,,C
20140304,9:37:49.983,B,ACW,,4.81,2,4.86,1,R,B,B,818306,0,0,,C
20140304,9:37:49.985,N,ACW,,4.81,2,4.84,1,R,N,N,818307,6,0,,C
20140304,9:37:49.986,T,ACW,,4.78,1,5.01,1,R,T,T,818308,0,0,,C
20140304,9:37:49.987,Z,ACW,,4.78,1,4.96,1,R,Z,Z,818309,0,0,,C
20140304,9:37:49.987,Y,ACW,,4.69,2,4.88,1,R,Y,Y,818310,0,0,,C
20140304,9:37:49.987,B,ACW,,4.81,2,0,0,R,B,B,818312,6,0,,C
20140304,9:37:49.987,B,ACW,,4.81,2,4.96,1,R,B,B,818313,0,0,,C
20140304,9:37:49.987,K,ACW,,4.78,1,4.85,4,R,K,K,818314,0,0,,C
20140304,9:37:50.018,D,ACW,,4.6,1,4.9,1,R,D,D,818331,0,1,A,C
20140304,9:37:50.126,Y,ACW,,4.69,2,4.9,2,R,Y,Y,818547,0,0,,C
20140304,9:37:50.138,T,ACW,,4.78,1,4.88,1,R,T,T,818555,0,0,,C
20140304,9:37:50.138,B,ACW,,4.81,2,4.88,1,R,B,B,818556,0,0,,C
20140304,9:37:50.138,Z,ACW,,4.78,1,4.88,1,R,Z,Z,818557,0,0,,C
20140304,9:37:50.138,Y,ACW,,4.69,2,4.88,1,R,Y,Y,818558,0,0,,C
20140304,9:37:50.152,D,ACW,,4.6,1,4.89,1,R,D,D,818565,0,1,A,C
20140304,9:37:50.155,D,ACW,,4.6,1,4.9,1,R,D,D,818567,0,1,A,C
20140304,9:37:50.155,D,ACW,,4.6,1,4.87,1,R,D,D,818568,0,1,A,C
20140304,9:37:50.276,J,ACW,,4.58,1,4.91,1,R,J,J,818639,0,0,,C
20140304,9:37:50.375,K,ACW,,4.8,9,4.85,4,R,K,K,818727,0,0,,C
20140304,9:37:50.375,P,ACW,,4.8,1,4.85,1,R,P,P,818728,0,0,,C
20140304,9:37:50.663,P,ACW,,4.8,1,4.86,1,R,P,P,818911,0,0,,C
20140304,9:37:50.754,N,ACW,,4.81,3,4.84,1,R,N,N,819023,1,0,,C
20140304,9:37:51.390,N,ACW,,4.81,13,4.84,1,R,N,N,819766,1,0,,C
20140304,9:37:51.392,P,ACW,,4.8,1,4.88,1,R,P,P,819769,0,0,,C
20140304,9:37:52.402,K,ACW,,4.78,1,4.85,4,R,K,K,820420,0,0,,C
20140304,9:37:52.403,P,ACW,,4.72,1,4.88,1,R,P,P,820421,0,0,,C
20140304,9:37:52.413,N,ACW,,4.81,13,4.85,1,R,N,N,820430,6,0,,C
20140304,9:37:52.414,T,ACW,,4.82,1,4.88,1,R,T,T,820431,6,0,,C
20140304,9:37:52.414,B,ACW,,4.81,2,4.83,1,R,B,B,820433,6,0,,C
20140304,9:37:52.415,N,ACW,,4.81,13,4.86,1,R,N,N,820434,0,0,,C
20140304,9:37:52.416,K,ACW,,4.78,1,5,10,R,K,K,820436,0,0,,C
20140304,9:37:52.416,N,ACW,,4.82,1,4.86,1,R,N,N,820437,0,0,,C
20140304,9:37:52.416,K,ACW,,4.79,1,5,10,R,K,K,820438,0,0,,C
20140304,9:37:52.416,Z,ACW,,4.78,1,4.85,1,R,Z,Z,820439,0,0,,C
20140304,9:37:52.416,Y,ACW,,4.69,2,4.9,2,R,Y,Y,820440,0,0,,C
20140304,9:37:52.416,N,ACW,,4.82,1,4.87,3,R,N,N,820441,0,0,,C
20140304,9:37:52.422,N,ACW,,4.82,2,4.87,3,R,N,N,820444,6,0,,C
20140304,9:37:52.423,B,ACW,,4.81,2,0,0,R,B,B,820446,6,0,,C
20140304,9:37:52.425,Z,ACW,,4.78,1,4.96,1,R,Z,Z,820449,6,0,,C
20140304,9:37:52.425,Z,ACW,,4.79,1,4.96,1,R,Z,Z,820450,0,0,,C
20140304,9:37:52.425,K,ACW,,4.83,1,5,10,R,K,K,820451,6,0,,C
20140304,9:37:52.425,Y,ACW,,4.69,2,4.88,1,R,Y,Y,820452,0,0,,C
20140304,9:37:52.425,Z,ACW,,4.83,1,4.96,1,R,Z,Z,820453,0,0,,C
20140304,9:37:52.425,Y,ACW,,4.69,2,4.88,1,R,Y,Y,820454,0,0,A,C
20140304,9:37:52.425,B,ACW,,4.81,2,4.88,1,R,B,B,820455,0,0,,C
20140304,9:37:52.425,T,ACW,,4.82,1,5.01,1,R,T,T,820456,0,0,,C
20140304,9:37:52.425,B,ACW,,4.81,2,0,0,R,B,B,820457,0,0,,C
20140304,9:37:52.425,B,ACW,,4.81,2,4.91,1,R,B,B,820458,0,0,,C
20140304,9:37:52.425,Y,ACW,,4.69,2,4.9,2,R,Y,Y,820459,0,0,A,C
20140304,9:37:52.426,N,ACW,,4.83,1,4.87,3,R,N,N,820460,0,0,,C
20140304,9:37:52.426,Z,ACW,,4.83,1,5.01,1,R,Z,Z,820461,0,0,,C
20140304,9:37:52.426,N,ACW,,4.83,1,4.87,2,R,N,N,820462,6,0,,C
20140304,9:37:52.426,P,ACW,,4.85,1,4.88,1,R,P,P,820463,6,0,,C
20140304,9:37:52.426,T,ACW,,4.85,2,5.01,1,R,T,T,820464,6,0,,C
20140304,9:37:52.427,Y,ACW,,4.69,2,4.9,1,R,Y,Y,820465,0,0,A,C
20140304,9:37:52.427,Y,ACW,,4.69,2,4.91,1,R,Y,Y,820466,0,0,A,C
20140304,9:37:52.427,Y,ACW,,4.69,1,4.91,1,R,Y,Y,820467,0,0,A,C
20140304,9:37:52.427,Y,ACW,,4.6,1,4.91,1,R,Y,Y,820468,0,0,A,C
20140304,9:37:52.428,P,ACW,,4.85,1,4.89,1,R,P,P,820469,0,0,,C
20140304,9:37:52.429,W,ACW,,0,0,5.02,3,R,W,W,820470,0,0,,C
20140304,9:37:52.429,W,ACW,,0,0,0,0,R,W,W,820471,0,0,,C
20140304,9:37:52.429,W,ACW,,4.63,3,0,0,R,W,W,820472,0,0,,C
20140304,9:37:52.429,W,ACW,,4.63,3,5.06,3,R,W,W,820473,0,0,,C
20140304,9:37:52.429,P,ACW,,4.85,1,4.9,1,R,P,P,820474,0,0,,C
20140304,9:37:52.430,N,ACW,,4.84,1,4.87,2,R,N,N,820475,0,0,,C
20140304,9:37:52.431,Y,ACW,,4.6,1,4.87,7,R,Y,Y,820477,6,0,A,C
20140304,9:37:52.433,Y,ACW,,4.6,1,4.91,1,R,Y,Y,820483,6,0,A,C
20140304,9:37:52.441,D,ACW,,4.6,1,4.9,1,R,D,D,820485,0,1,A,C
20140304,9:37:52.441,D,ACW,,4.6,1,4.87,1,R,D,D,820487,0,1,A,C
20140304,9:37:52.441,D,ACW,,4.6,1,4.9,1,R,D,D,820488,0,1,A,C
20140304,9:37:52.442,D,ACW,,4.6,1,4.89,1,R,D,D,820489,0,1,A,C
20140304,9:37:52.442,D,ACW,,4.6,1,4.9,1,R,D,D,820490,0,1,A,C
20140304,9:37:52.442,D,ACW,,4.6,1,4.9,2,R,D,D,820491,0,1,A,C
20140304,9:37:52.446,Y,ACW,,4.75,1,4.91,1,R,Y,Y,820494,0,0,A,C
20140304,9:37:52.451,Y,ACW,,4.75,1,4.91,1,R,Y,Y,820495,0,0,A,C
20140304,9:37:52.452,N,ACW,,4.84,1,4.87,2,R,N,N,820496,0,0,A,C
20140304,9:37:52.462,P,ACW,,4.85,1,4.91,1,R,P,P,820614,0,0,,C
20140304,9:37:52.465,N,ACW,,4.84,2,4.87,2,R,N,N,820640,0,0,A,C
20140304,9:37:52.472,D,ACW,,4.6,1,4.9,1,R,D,D,820674,0,1,A,C
20140304,9:37:52.472,D,ACW,,4.6,1,4.9,2,R,D,D,820675,0,1,A,C
20140304,9:37:52.498,Y,ACW,,4.75,2,4.91,1,R,Y,Y,820697,0,0,A,C
20140304,9:37:52.519,Z,ACW,,4.79,1,5.01,1,R,Z,Z,820732,0,0,,C
20140304,9:37:52.521,N,ACW,,4.84,3,4.87,2,R,N,N,820737,0,0,A,C
20140304,9:37:52.522,N,ACW,,4.85,1,4.87,2,R,N,N,820740,0,0,A,C
20140304,9:37:52.526,N,ACW,,4.85,2,4.87,2,R,N,N,820744,0,0,A,C
20140304,9:37:52.534,D,ACW,,4.6,1,4.9,1,R,D,D,820755,0,1,A,C
20140304,9:37:52.574,Z,ACW,,4.79,1,4.9,1,R,Z,Z,820814,0,0,,C
20140304,9:37:52.574,Z,ACW,,4.78,1,4.9,1,R,Z,Z,820815,0,0,,C
20140304,9:37:52.574,Y,ACW,,4.75,2,4.9,1,R,Y,Y,820816,0,0,A,C
20140304,9:37:52.574,B,ACW,,4.81,2,4.9,1,R,B,B,820817,0,0,,C
20140304,9:37:52.576,J,ACW,,4.58,1,5.19,1,R,J,J,820818,0,0,,C
20140304,9:37:52.576,T,ACW,,4.85,2,4.9,1,R,T,T,820820,6,0,,C
20140304,9:37:52.576,N,ACW,,4.85,1,4.87,2,R,N,N,820821,6,0,A,C
20140304,9:37:52.577,Z,ACW,,4.82,1,4.9,1,R,Z,Z,820822,0,0,,C
20140304,9:37:52.579,K,ACW,,4.78,1,5,10,R,K,K,820823,0,0,,C
20140304,9:37:52.597,D,ACW,,4.6,1,6,2,R,D,D,820834,0,1,A,C
20140304,9:37:52.597,D,ACW,,4.6,1,4.89,1,R,D,D,820835,0,1,A,C
20140304,9:37:52.694,N,ACW,,4.85,1,4.87,1,R,N,N,820899,6,0,A,C
20140304,9:37:52.694,N,ACW,,4.85,1,4.9,1,R,N,N,820900,4,0,A,C
20140304,9:37:52.695,T,ACW,,4.85,2,5.01,1,R,T,T,820901,0,0,,C
20140304,9:37:52.695,N,ACW,,4.85,2,4.9,1,R,N,N,820902,0,0,A,C
20140304,9:37:52.696,Z,ACW,,4.82,1,5.01,1,R,Z,Z,820903,0,0,,C
20140304,9:37:52.696,Y,ACW,,4.75,2,4.92,1,R,Y,Y,820904,0,0,A,C
20140304,9:37:52.696,B,ACW,,4.81,2,0,0,R,B,B,820905,0,0,,C
20140304,9:37:52.696,B,ACW,,4.81,2,5.01,1,R,B,B,820906,0,0,,C
20140304,9:37:52.697,P,ACW,,4.85,1,4.92,1,R,P,P,820910,0,0,,C
20140304,9:37:52.725,D,ACW,,4.6,1,6,2,R,D,D,820934,6,1,A,C
20140304,9:37:52.727,J,ACW,,4.58,1,5.25,1,R,J,J,820936,0,0,A,C
20140304,9:37:52.728,W,ACW,,0,0,5.06,3,R,W,W,820937,0,0,A,C
20140304,9:37:52.728,W,ACW,,0,0,0,0,R,W,W,820938,0,0,A,C
20140304,9:37:52.728,W,ACW,,4.66,3,0,0,R,W,W,820939,0,0,A,C
20140304,9:37:52.728,W,ACW,,4.66,3,5.1,3,R,W,W,820940,0,0,A,C
20140304,9:37:52.733,Y,ACW,,4.75,2,4.9,7,R,Y,Y,820948,6,0,A,C
20140304,9:37:52.757,D,ACW,,4.6,1,4.89,1,R,D,D,821011,4,1,A,C
20140304,9:37:52.884,T,ACW,,4.85,2,4.92,1,R,T,T,821124,4,0,,C
20140304,9:37:52.884,B,ACW,,4.81,2,4.92,1,R,B,B,821125,0,0,,C
20140304,9:37:52.884,Z,ACW,,4.82,1,4.92,1,R,Z,Z,821126,0,0,,C
20140304,9:37:53.426,J,ACW,,4.58,1,4.97,1,R,J,J,821623,0,0,,C
20140304,9:37:53.727,K,ACW,,4.77,3,5,10,R,K,K,821897,0,0,,C
20140304,9:37:54.197,B,ACW,,0,0,4.92,1,R,B,B,822444,0,0,,C
20140304,9:37:54.198,Y,ACW,,4.75,2,4.9,7,R,Y,Y,822445,0,0,A,C
20140304,9:37:54.198,N,ACW,,4.85,2,4.9,2,R,N,N,822446,4,0,A,C
20140304,9:37:54.238,P,ACW,,4.85,2,4.92,1,R,P,P,822457,0,0,,C
20140304,9:37:54.239,J,ACW,,4.85,1,4.97,1,R,J,J,822458,0,0,,C
20140304,9:37:54.239,N,ACW,,4.85,2,4.9,1,R,N,N,822460,0,0,A,C
20140304,9:37:54.241,N,ACW,,4.86,1,4.9,1,R,N,N,822463,4,0,A,C
20140304,9:37:54.268,N,ACW,,4.86,2,4.9,1,R,N,N,822480,4,0,A,C
20140304,9:37:54.420,Z,ACW,,4.84,1,4.92,1,R,Z,Z,822603,0,0,,C
20140304,9:37:55.923,N,ACW,,4.86,2,4.91,1,R,N,N,825592,0,0,A,C
20140304,9:37:55.924,P,ACW,,4.85,2,4.91,1,R,P,P,825594,0,0,,C
20140304,9:37:55.925,N,ACW,,4.86,2,4.92,4,R,N,N,825595,0,0,A,C
20140304,9:37:55.926,P,ACW,,4.85,2,4.93,1,R,P,P,825598,0,0,,C
20140304,9:37:55.926,N,ACW,,4.86,2,4.91,1,R,N,N,825599,0,0,A,C
20140304,9:37:55.926,P,ACW,,4.85,2,4.94,1,R,P,P,825600,0,0,,C
20140304,9:37:55.927,N,ACW,,4.86,2,4.92,3,R,N,N,825601,0,0,A,C
20140304,9:37:55.927,N,ACW,,4.86,2,4.92,2,R,N,N,825602,0,0,A,C
20140304,9:37:55.928,N,ACW,,4.87,1,4.92,2,R,N,N,825603,4,0,A,C
20140304,9:37:55.934,Y,ACW,,4.75,2,4.9,7,R,Y,Y,825604,0,0,,C
20140304,9:37:55.934,N,ACW,,4.87,1,4.92,2,R,N,N,825605,0,0,,C
20140304,9:37:55.934,N,ACW,,4.87,1,4.91,1,R,N,N,825606,0,0,,C
20140304,9:37:55.935,Y,ACW,,4.75,2,4.92,1,R,Y,Y,825607,0,0,,C
20140304,9:37:55.936,T,ACW,,4.85,2,5.01,1,R,T,T,825608,0,0,,C
20140304,9:37:55.936,B,ACW,,0,0,0,0,R,B,B,825609,0,0,,C
20140304,9:37:55.936,Z,ACW,,4.84,1,5.01,1,R,Z,Z,825610,0,0,,C
20140304,9:37:55.936,Y,ACW,,4.75,2,4.97,2,R,Y,Y,825612,0,0,,C
20140304,9:37:55.953,D,ACW,,4.6,1,4.97,1,R,D,D,825708,6,1,A,C
20140304,9:37:55.953,D,ACW,,4.6,1,4.91,1,R,D,D,825709,0,1,A,C
20140304,9:37:55.954,D,ACW,,4.6,1,4.97,1,R,D,D,825711,0,1,A,C
20140304,9:37:55.954,D,ACW,,4.6,1,4.96,1,R,D,D,825715,0,1,A,C
20140304,9:37:55.970,P,ACW,,4.87,1,4.94,1,R,P,P,825807,0,0,,C
20140304,9:37:55.972,P,ACW,,4.85,2,4.94,1,R,P,P,825808,0,0,,C
20140304,9:37:55.974,P,ACW,,4.85,2,4.91,1,R,P,P,825815,0,0,,C
20140304,9:37:55.974,N,ACW,,4.87,1,4.91,2,R,N,N,825817,1,0,,C
20140304,9:37:55.992,Y,ACW,,4.75,2,4.97,2,R,Y,Y,825872,0,0,A,C
20140304,9:37:55.993,N,ACW,,4.87,1,4.91,2,R,N,N,825875,0,0,A,C
20140304,9:37:55.995,P,ACW,,4.87,1,4.91,1,R,P,P,825882,0,0,,C
20140304,9:37:55.996,P,ACW,,4.85,2,4.91,1,R,P,P,825884,0,0,,C
20140304,9:37:56.036,N,ACW,,4.88,1,4.91,2,R,N,N,825955,1,0,A,C
20140304,9:37:56.062,N,ACW,,4.88,1,4.91,1,R,N,N,825983,6,0,A,C
20140304,9:37:56.087,T,ACW,,4.85,2,4.94,1,R,T,T,826111,0,0,,C
20140304,9:37:56.087,Z,ACW,,4.84,1,4.94,1,R,Z,Z,826113,0,0,,C
20140304,9:37:56.087,Y,ACW,,4.75,2,4.94,1,R,Y,Y,826114,0,0,A,C
20140304,9:37:56.087,B,ACW,,0,0,4.94,1,R,B,B,826115,0,0,,C
20140304,9:37:56.088,P,ACW,,4.85,2,4.92,1,R,P,P,826116,6,0,,C
20140304,9:37:56.088,N,ACW,,4.88,1,4.92,2,R,N,N,826117,1,0,A,C
20140304,9:37:56.089,N,ACW,,4.88,1,4.92,1,R,N,N,826118,6,0,A,C
20140304,9:37:56.106,J,ACW,,4.58,1,4.97,1,R,J,J,826130,0,0,,C
20140304,9:37:56.106,P,ACW,,4.85,1,4.92,1,R,P,P,826131,6,0,,C
20140304,9:37:56.109,D,ACW,,4.6,1,4.97,1,R,D,D,826138,0,1,A,C
20140304,9:37:56.109,D,ACW,,4.6,1,4.93,1,R,D,D,826139,0,1,A,C
20140304,9:37:56.134,P,ACW,,4.85,1,4.94,1,R,P,P,826260,0,0,,C
20140304,9:37:56.134,N,ACW,,4.88,1,4.93,3,R,N,N,826261,1,0,A,C
20140304,9:37:56.135,P,ACW,,4.85,1,4.95,1,R,P,P,826262,0,0,,C
20140304,9:37:56.135,T,ACW,,4.85,2,5.01,1,R,T,T,826263,0,0,,C
20140304,9:37:56.135,B,ACW,,0,0,0,0,R,B,B,826264,0,0,,C
20140304,9:37:56.135,Z,ACW,,4.84,1,5.01,1,R,Z,Z,826265,0,0,,C
20140304,9:37:56.135,Y,ACW,,4.75,2,4.97,2,R,Y,Y,826266,0,0,A,C
20140304,9:37:56.135,N,ACW,,4.88,1,4.93,2,R,N,N,826267,1,0,A,C
20140304,9:37:56.136,Y,ACW,,4.75,2,4.97,1,R,Y,Y,826268,0,0,A,C
20140304,9:37:56.136,Y,ACW,,4.75,2,4.98,1,R,Y,Y,826269,0,0,A,C
20140304,9:37:56.136,N,ACW,,4.88,2,4.93,2,R,N,N,826270,1,0,A,C
20140304,9:37:56.136,Y,ACW,,4.75,1,4.98,1,R,Y,Y,826271,0,0,A,C
20140304,9:37:56.136,Y,ACW,,4.6,1,4.98,1,R,Y,Y,826272,0,0,A,C
20140304,9:37:56.139,Y,ACW,,4.6,1,4.93,7,R,Y,Y,826277,6,0,A,C
20140304,9:37:56.140,W,ACW,,0,0,5.1,3,R,W,W,826278,0,0,,C
20140304,9:37:56.140,W,ACW,,0,0,0,0,R,W,W,826279,0,0,,C
20140304,9:37:56.140,W,ACW,,4.68,3,0,0,R,W,W,826280,0,0,,C
20140304,9:37:56.141,W,ACW,,4.68,3,5.13,3,R,W,W,826281,0,0,,C
20140304,9:37:56.146,Z,ACW,,4.88,1,5.01,1,R,Z,Z,826285,0,0,,C
20140304,9:37:56.146,B,ACW,,4.88,1,0,0,R,B,B,826287,0,0,,C
20140304,9:37:56.146,N,ACW,,4.88,2,4.93,1,R,N,N,826288,0,0,A,C
20140304,9:37:56.147,N,ACW,,4.88,2,4.94,1,R,N,N,826289,0,0,A,C
20140304,9:37:56.148,N,ACW,,4.88,2,4.95,5,R,N,N,826294,0,0,A,C
20140304,9:37:56.149,N,ACW,,4.88,2,4.95,4,R,N,N,826299,0,0,A,C
20140304,9:37:56.152,N,ACW,,4.88,2,4.94,1,R,N,N,826300,0,0,A,C
20140304,9:37:56.168,Y,ACW,,4.78,1,4.93,7,R,Y,Y,826308,0,0,A,C
20140304,9:37:56.169,D,ACW,,4.6,1,4.97,1,R,D,D,826312,0,1,A,C
20140304,9:37:56.169,D,ACW,,4.6,1,4.96,1,R,D,D,826313,0,1,A,C
20140304,9:37:56.169,D,ACW,,4.6,1,4.97,1,R,D,D,826314,0,1,A,C
20140304,9:37:56.170,D,ACW,,4.6,1,4.92,1,R,D,D,826317,4,1,A,C
20140304,9:37:56.218,Y,ACW,,4.78,2,4.93,7,R,Y,Y,826349,0,0,A,C
20140304,9:37:56.276,J,ACW,,4.58,1,5.25,1,R,J,J,826556,0,0,,C
20140304,9:37:56.276,B,ACW,,4.88,1,5.01,1,R,B,B,826557,0,0,,C
20140304,9:37:56.286,T,ACW,,4.85,2,4.96,1,R,T,T,826581,0,0,,C
20140304,9:37:56.286,B,ACW,,4.88,1,0,0,R,B,B,826582,0,0,,C
20140304,9:37:56.286,Z,ACW,,4.88,1,4.96,1,R,Z,Z,826583,0,0,,C
20140304,9:37:56.286,B,ACW,,4.88,1,4.96,1,R,B,B,826584,0,0,,C
20140304,9:37:56.288,T,ACW,,4.86,1,4.96,1,R,T,T,826590,0,0,,C
20140304,9:37:56.300,N,ACW,,4.88,3,4.94,1,R,N,N,826625,4,0,A,C
20140304,9:37:56.460,N,ACW,,4.89,1,4.94,1,R,N,N,826772,4,0,A,C
20140304,9:37:56.464,N,ACW,,4.89,2,4.94,1,R,N,N,826775,4,0,A,C
20140304,9:37:56.470,Y,ACW,,4.78,2,4.96,1,R,Y,Y,826782,0,0,A,C
20140304,9:37:56.470,T,ACW,,4.86,1,5.01,1,R,T,T,826783,0,0,,C
20140304,9:37:56.470,B,ACW,,4.88,1,0,0,R,B,B,826784,0,0,,C
20140304,9:37:56.470,Z,ACW,,4.88,1,5.01,1,R,Z,Z,826785,0,0,,C
20140304,9:37:56.470,Y,ACW,,4.78,2,5.02,1,R,Y,Y,826786,0,0,A,C
20140304,9:37:56.470,Y,ACW,,4.78,2,5.02,1,R,Y,Y,826787,0,0,A,C
20140304,9:37:56.470,Y,ACW,,4.78,2,5.01,1,R,Y,Y,826788,0,0,A,C
20140304,9:37:56.471,B,ACW,,4.88,1,5.01,1,R,B,B,826789,0,0,,C
20140304,9:37:56.472,Y,ACW,,4.78,2,5.01,1,R,Y,Y,826793,0,0,A,C
20140304,9:37:56.473,N,ACW,,4.89,2,4.94,1,R,N,N,826794,0,0,,C
20140304,9:37:56.482,N,ACW,,4.89,2,4.95,3,R,N,N,826799,0,0,,C
20140304,9:37:56.483,N,ACW,,4.89,2,4.95,2,R,N,N,826801,0,0,,C
20140304,9:37:56.484,N,ACW,,4.89,2,4.95,1,R,N,N,826803,0,0,,C
20140304,9:37:56.484,P,ACW,,4.85,1,4.97,1,R,P,P,826804,0,0,,C
20140304,9:37:56.485,N,ACW,,4.89,2,4.96,2,R,N,N,826805,0,0,,C
20140304,9:37:56.486,N,ACW,,4.89,2,4.96,1,R,N,N,826807,0,0,,C
20140304,9:37:56.489,D,ACW,,4.6,1,6,2,R,D,D,826810,6,1,A,C
20140304,9:37:56.489,D,ACW,,4.6,1,4.95,1,R,D,D,826811,4,1,A,C
20140304,9:37:56.490,D,ACW,,4.6,1,6,2,R,D,D,826812,6,1,A,C
20140304,9:37:56.490,D,ACW,,4.6,1,5,1,R,D,D,826813,0,1,A,C
20140304,9:37:56.492,P,ACW,,4.85,1,4.96,6,R,P,P,826820,6,0,,C
20140304,9:37:56.496,J,ACW,,4.58,1,5.31,1,R,J,J,826822,0,0,,C
20140304,9:37:56.498,Y,ACW,,4.89,5,5.01,1,R,Y,Y,826823,6,0,,C
20140304,9:37:56.499,Y,ACW,,4.78,2,5.01,1,R,Y,Y,826824,6,0,A,C
20140304,9:37:56.500,J,ACW,,4.58,1,4.96,7,R,J,J,826825,6,0,,C
20140304,9:37:56.500,Y,ACW,,4.78,2,4.96,1,R,Y,Y,826826,0,0,A,C
20140304,9:37:56.501,B,ACW,,4.88,1,4.96,1,R,B,B,826827,0,0,,C
20140304,9:37:56.508,W,ACW,,0,0,5.13,3,R,W,W,826830,0,0,,C
20140304,9:37:56.508,W,ACW,,0,0,0,0,R,W,W,826831,0,0,,C
20140304,9:37:56.508,W,ACW,,4.69,3,0,0,R,W,W,826832,0,0,,C
20140304,9:37:56.509,W,ACW,,4.69,3,5.16,3,R,W,W,826833,0,0,,C
20140304,9:37:56.522,N,ACW,,4.89,2,4.95,1,R,N,N,826837,1,0,,C
20140304,9:37:56.527,P,ACW,,4.85,1,4.95,3,R,P,P,826841,6,0,,C
20140304,9:37:56.528,P,ACW,,4.85,1,4.95,6,R,P,P,826842,6,0,,C
20140304,9:37:56.528,D,ACW,,4.6,1,6,2,R,D,D,826843,0,1,A,C
20140304,9:37:56.528,D,ACW,,4.6,1,4.95,1,R,D,D,826844,0,1,A,C
20140304,9:37:56.529,J,ACW,,4.58,1,5.31,1,R,J,J,826845,0,0,,C
20140304,9:37:56.529,Y,ACW,,4.78,2,5.02,1,R,Y,Y,826846,0,0,A,C
20140304,9:37:56.529,Y,ACW,,4.78,2,5.01,1,R,Y,Y,826847,0,0,A,C
20140304,9:37:56.529,B,ACW,,4.88,1,0,0,R,B,B,826848,0,0,,C
20140304,9:37:56.529,B,ACW,,4.88,1,5.01,1,R,B,B,826849,0,0,,C
20140304,9:37:56.531,Y,ACW,,4.78,2,4.95,7,R,Y,Y,826850,6,0,A,C
20140304,9:37:56.533,Y,ACW,,4.78,2,4.95,7,R,Y,Y,826853,0,0,A,C
20140304,9:37:56.535,N,ACW,,4.89,2,4.95,1,R,N,N,826854,0,0,A,C
20140304,9:37:56.548,D,ACW,,4.6,1,6,2,R,D,D,826861,0,1,A,C
20140304,9:37:56.549,D,ACW,,4.6,1,5,1,R,D,D,826862,0,1,A,C
20140304,9:37:56.549,D,ACW,,4.6,1,4.94,1,R,D,D,826863,4,1,A,C
