DATE,TIME_M,EX,SYM_ROOT,SYM_SUFFIX,BID,BIDSIZ,ASK,ASKSIZ,QU_COND,BIDEX,ASKEX,QU_SEQNUM,NATBBO_IND,NASDBBO_IND,QU_CANCEL,QU_SOURCE
20140304,4:00:00.647,P,ALG,,0,0,0,0,R,P,P,175,2,2,,C
20140304,8:00:00.370,K,ALG,,0,0,54.95,30,R,K,K,54490,1,2,,C
20140304,8:01:12.529,K,ALG,,0,0,54.39,1,R,K,K,55358,1,2,,C
20140304,8:10:11.900,P,ALG,,0,0,66.41,7,R,P,P,61214,0,2,,C
20140304,8:10:11.905,P,ALG,,0,0,55.32,6,R,P,P,61215,0,2,,C
20140304,8:10:11.911,P,ALG,,37.54,7,55.32,6,R,P,P,61216,6,2,,C
20140304,8:10:11.916,P,ALG,,48.44,6,55.32,6,R,P,P,61217,6,2,,C
20140304,8:30:14.423,W,ALG,,0,0,0,0,R,W,W,76272,0,2,,C
20140304,8:35:05.724,T,ALG,,39.96,1,0,0,R,T,T,78269,0,2,,C
20140304,8:35:05.724,T,ALG,,39.96,1,63.91,1,R,T,T,78270,0,2,,C
20140304,9:28:38.823,T,ALG,,39.96,1,59.83,1,R,T,T,153179,0,2,,C
20140304,9:28:38.823,T,ALG,,39.96,1,58.2,1,R,T,T,153180,0,2,,C
20140304,9:28:38.823,T,ALG,,43.59,1,58.2,1,R,T,T,153181,0,2,,C
20140304,9:28:38.823,T,ALG,,45.04,1,58.2,1,R,T,T,153182,0,2,,C
20140304,9:28:46.095,Y,ALG,,0,0,58.2,1,R,Y,Y,153583,0,2,,C
20140304,9:28:46.095,Y,ALG,,45.04,1,58.2,1,R,Y,Y,153584,0,2,,C
20140304,9:28:52.383,T,ALG,,45.04,1,58.2,2,R,T,T,153832,0,2,,C
20140304,9:28:52.383,T,ALG,,45.04,2,58.2,2,R,T,T,153833,0,2,,C
20140304,9:29:27.681,Z,ALG,,0,0,58.2,1,R,Z,Z,155532,0,2,,C
20140304,9:29:27.681,Z,ALG,,43.59,1,58.2,1,R,Z,Z,155533,0,2,,C
20140304,9:29:27.681,Z,ALG,,45.04,1,58.2,1,R,Z,Z,155534,0,2,,C
20140304,9:29:40.803,Z,ALG,,46.5,1,58.2,1,R,Z,Z,155978,0,2,,C
20140304,9:29:40.803,T,ALG,,46.5,1,58.2,2,R,T,T,155979,0,2,,C
20140304,9:29:40.803,Z,ALG,,46.5,1,56.57,1,R,Z,Z,155980,0,2,,C
20140304,9:29:40.803,T,ALG,,46.5,1,56.57,1,R,T,T,155981,0,2,,C
20140304,9:29:45.018,P,ALG,,48.44,6,54.51,3,R,P,P,156629,0,2,,C
20140304,9:30:00.022,P,ALG,,49.87,3,54.51,3,R,P,P,158833,6,2,,C
20140304,9:30:00.022,P,ALG,,49.87,3,52.97,3,R,P,P,158835,1,2,,C
20140304,9:30:00.023,Z,ALG,,48.37,1,56.57,1,R,Z,Z,158850,0,2,,C
20140304,9:30:00.023,Z,ALG,,48.37,1,54.56,1,R,Z,Z,158853,0,2,,C
20140304,9:30:00.055,J,ALG,,37.41,1,0,0,R,J,J,159039,0,2,,C
20140304,9:30:00.055,J,ALG,,37.41,1,67.98,1,R,J,J,159040,0,2,,C
20140304,9:30:00.058,Y,ALG,,48.87,1,58.2,1,R,Y,Y,159094,0,2,,C
20140304,9:30:00.058,Y,ALG,,48.87,1,54.03,1,R,Y,Y,159096,0,2,,C
20140304,9:30:00.064,K,ALG,,37.41,1,54.39,1,R,K,K,159135,0,2,,C
20140304,9:30:00.077,Y,ALG,,48.87,2,54.03,1,R,Y,Y,159194,0,2,,C
20140304,9:30:00.077,Y,ALG,,48.87,2,54.03,2,R,Y,Y,159195,0,2,,C
20140304,9:30:00.182,P,ALG,,49.89,3,52.97,3,R,P,P,160119,1,2,,C
20140304,9:30:00.407,J,ALG,,37.41,1,0,0,R,J,J,160717,0,2,,C
20140304,9:30:00.407,J,ALG,,37.41,1,66.21,1,R,J,J,160718,0,2,,C
20140304,9:30:00.765,W,ALG,,48.89,1,0,0,R,W,W,161048,0,2,,C
20140304,9:30:00.765,W,ALG,,48.89,1,54.03,1,R,W,W,161049,0,2,,C
20140304,9:30:01.021,T,ALG,,47.89,1,56.57,1,R,T,T,161686,0,2,,C
20140304,9:30:01.021,T,ALG,,47.89,1,55.09,1,R,T,T,161689,0,2,,C
20140304,9:30:01.155,Z,ALG,,48.37,1,52.23,1,R,Z,Z,163982,6,2,,C
20140304,9:30:01.155,P,ALG,,49.89,3,55.09,1,R,P,P,163984,0,2,,C
20140304,9:30:01.157,Y,ALG,,48.87,2,54.03,1,R,Y,Y,164020,0,2,,C
20140304,9:30:01.157,Y,ALG,,48.87,1,54.03,1,R,Y,Y,164021,0,2,,C
20140304,9:30:01.157,Y,ALG,,48.87,1,56.68,1,R,Y,Y,164022,0,2,,C
20140304,9:30:01.157,Y,ALG,,46.37,1,56.68,1,R,Y,Y,164024,0,2,,C
20140304,9:30:01.162,Y,ALG,,46.37,1,55.89,1,R,Y,Y,164093,0,2,,C
20140304,9:30:02.267,Y,ALG,,48.89,1,55.89,1,R,Y,Y,167973,0,2,,C
20140304,9:30:02.267,Y,ALG,,48.89,1,53.28,1,R,Y,Y,167975,0,2,,C
20140304,9:30:03.001,Z,ALG,,48.37,1,54.56,1,R,Z,Z,168879,6,2,,C
20140304,9:30:03.001,P,ALG,,49.89,3,52.97,3,R,P,P,168881,1,2,,C
20140304,9:30:03.003,Y,ALG,,48.89,1,57.01,1,R,Y,Y,168885,0,2,,C
20140304,9:30:03.003,Y,ALG,,46.37,1,57.01,1,R,Y,Y,168887,0,2,,C
20140304,9:30:03.004,Z,ALG,,48.37,1,52.23,1,R,Z,Z,168888,6,2,,C
20140304,9:30:03.004,P,ALG,,49.89,3,55.09,1,R,P,P,168889,0,2,,C
20140304,9:30:03.093,Y,ALG,,48.89,1,57.01,1,R,Y,Y,169052,0,2,,C
20140304,9:30:03.093,Y,ALG,,48.89,1,53.28,1,R,Y,Y,169053,0,2,,C
20140304,9:30:03.176,Y,ALG,,48.89,2,53.28,1,R,Y,Y,169165,0,2,,C
20140304,9:30:03.176,Y,ALG,,48.89,2,53.28,2,R,Y,Y,169166,0,2,,C
20140304,9:30:05.001,Z,ALG,,48.37,1,54.56,1,R,Z,Z,171896,6,2,,C
20140304,9:30:05.001,P,ALG,,49.89,3,52.97,3,R,P,P,171897,1,2,,C
20140304,9:30:05.003,Y,ALG,,48.89,2,53.28,1,R,Y,Y,171908,0,2,,C
20140304,9:30:05.003,Y,ALG,,48.89,2,55.89,1,R,Y,Y,171909,0,2,,C
20140304,9:30:05.003,Y,ALG,,48.89,1,55.89,1,R,Y,Y,171910,0,2,,C
20140304,9:30:05.003,Y,ALG,,46.37,1,55.89,1,R,Y,Y,171912,0,2,,C
20140304,9:30:05.003,Y,ALG,,46.37,1,57.01,1,R,Y,Y,171913,0,2,,C
20140304,9:30:05.019,Z,ALG,,48.37,1,52.23,1,R,Z,Z,171945,6,2,,C
20140304,9:30:05.019,P,ALG,,49.89,3,55.09,1,R,P,P,171954,0,2,,C
20140304,9:30:05.021,Y,ALG,,48.89,1,57.01,1,R,Y,Y,171987,0,2,,C
20140304,9:30:05.021,Y,ALG,,48.89,1,53.28,1,R,Y,Y,171993,0,2,,C
20140304,9:30:05.100,Y,ALG,,48.89,2,53.28,1,R,Y,Y,172160,0,2,,C
20140304,9:30:05.100,Y,ALG,,48.89,2,53.28,2,R,Y,Y,172161,0,2,,C
20140304,9:30:07.001,Z,ALG,,48.37,1,54.56,1,R,Z,Z,175911,6,2,,C
20140304,9:30:07.002,P,ALG,,49.89,3,52.97,3,R,P,P,175912,1,2,,C
20140304,9:30:07.004,Y,ALG,,48.89,2,55.89,1,R,Y,Y,175923,0,2,,C
20140304,9:30:07.004,Y,ALG,,46.37,1,55.89,1,R,Y,Y,175924,0,2,,C
20140304,9:30:07.005,Y,ALG,,46.37,1,57.01,1,R,Y,Y,175928,0,2,,C
20140304,9:30:07.012,Z,ALG,,48.37,1,52.23,1,R,Z,Z,175967,6,2,,C
20140304,9:30:07.012,P,ALG,,49.89,3,55.09,1,R,P,P,175968,0,2,,C
20140304,9:30:07.021,Y,ALG,,48.89,1,57.01,1,R,Y,Y,176010,0,2,,C
20140304,9:30:07.021,Y,ALG,,48.89,1,53.28,1,R,Y,Y,176011,0,2,,C
20140304,9:30:07.043,Y,ALG,,48.89,2,53.28,1,R,Y,Y,176097,0,2,,C
20140304,9:30:07.043,Y,ALG,,48.89,2,53.28,2,R,Y,Y,176099,0,2,,C
20140304,9:30:07.665,W,ALG,,48.89,1,0,0,R,W,W,177366,0,2,,C
20140304,9:30:07.665,W,ALG,,48.89,1,53.27,1,R,W,W,177367,0,2,,C
20140304,9:30:09.001,Z,ALG,,48.37,1,54.56,1,R,Z,Z,178460,6,2,,C
20140304,9:30:09.001,P,ALG,,49.89,3,52.97,3,R,P,P,178463,1,2,,C
20140304,9:30:09.003,Y,ALG,,48.89,2,53.28,1,R,Y,Y,178465,0,2,,C
20140304,9:30:09.003,Y,ALG,,48.89,2,57,1,R,Y,Y,178466,0,2,,C
20140304,9:30:09.003,Y,ALG,,48.89,1,57,1,R,Y,Y,178467,0,2,,C
20140304,9:30:09.003,Y,ALG,,46.37,1,57,1,R,Y,Y,178468,0,2,,C
20140304,9:30:09.004,Z,ALG,,48.37,1,52.23,1,R,Z,Z,178470,6,2,,C
20140304,9:30:09.004,P,ALG,,49.89,3,55.09,1,R,P,P,178472,0,2,,C
20140304,9:30:09.035,Y,ALG,,48.89,1,57,1,R,Y,Y,178541,0,2,,C
20140304,9:30:09.035,Y,ALG,,48.89,1,53.28,1,R,Y,Y,178542,0,2,,C
20140304,9:30:09.058,Y,ALG,,48.89,2,53.28,1,R,Y,Y,178592,0,2,,C
20140304,9:30:09.058,Y,ALG,,48.89,2,53.28,2,R,Y,Y,178593,0,2,,C
20140304,9:30:11.002,Z,ALG,,48.37,1,53.8,1,R,Z,Z,181769,6,2,,C
20140304,9:30:11.002,P,ALG,,49.89,3,52.97,3,R,P,P,181770,1,2,,C
20140304,9:30:11.003,Z,ALG,,48.37,1,54.87,1,R,Z,Z,181771,0,2,,C
20140304,9:30:11.004,Y,ALG,,48.89,2,53.28,1,R,Y,Y,181772,0,2,,C
20140304,9:30:11.004,Y,ALG,,48.89,2,55.89,1,R,Y,Y,181773,0,2,,C
20140304,9:30:11.004,Y,ALG,,48.89,1,55.89,1,R,Y,Y,181774,0,2,,C
20140304,9:30:11.004,Y,ALG,,46.37,1,55.89,1,R,Y,Y,181775,0,2,,C
20140304,9:30:11.005,Z,ALG,,48.37,1,52.23,1,R,Z,Z,181778,6,2,,C
20140304,9:30:11.005,P,ALG,,49.89,3,55.09,1,R,P,P,181779,0,2,,C
20140304,9:30:11.024,Y,ALG,,46.37,1,57,1,R,Y,Y,181813,0,2,,C
20140304,9:30:11.052,Y,ALG,,48.89,1,57,1,R,Y,Y,181838,0,2,,C
20140304,9:30:11.052,Y,ALG,,48.89,1,53.28,1,R,Y,Y,181839,0,2,,C
20140304,9:30:11.075,Y,ALG,,48.89,2,53.28,1,R,Y,Y,181894,0,2,,C
20140304,9:30:11.075,Y,ALG,,48.89,2,53.28,2,R,Y,Y,181895,0,2,,C
20140304,9:30:13.001,Z,ALG,,48.37,1,54.87,1,R,Z,Z,184689,6,2,,C
20140304,9:30:13.001,P,ALG,,49.89,3,52.97,3,R,P,P,184690,1,2,,C
20140304,9:30:13.003,Y,ALG,,48.89,2,53.28,1,R,Y,Y,184691,0,2,,C
20140304,9:30:13.003,Y,ALG,,48.89,2,55.89,1,R,Y,Y,184693,0,2,,C
20140304,9:30:13.003,Y,ALG,,48.89,1,55.89,1,R,Y,Y,184694,0,2,,C
20140304,9:30:13.003,Y,ALG,,46.37,1,55.89,1,R,Y,Y,184695,0,2,,C
20140304,9:30:13.003,Z,ALG,,48.37,1,52.23,1,R,Z,Z,184696,6,2,,C
20140304,9:30:13.004,P,ALG,,49.89,3,55.09,1,R,P,P,184697,0,2,,C
20140304,9:30:13.004,Y,ALG,,46.37,1,57,1,R,Y,Y,184698,0,2,,C
20140304,9:30:13.064,Y,ALG,,48.89,1,57,1,R,Y,Y,184935,0,2,,C
20140304,9:30:13.064,Y,ALG,,48.89,1,53.28,1,R,Y,Y,184936,0,2,,C
20140304,9:30:13.089,Y,ALG,,48.89,2,53.28,1,R,Y,Y,184960,0,2,,C
20140304,9:30:13.089,Y,ALG,,48.89,2,53.28,2,R,Y,Y,184961,0,2,,C
20140304,9:30:15.001,Z,ALG,,48.37,1,54.87,1,R,Z,Z,186766,6,2,,C
20140304,9:30:15.001,P,ALG,,49.89,3,52.97,3,R,P,P,186768,1,2,,C
20140304,9:30:15.003,Y,ALG,,48.89,2,57,1,R,Y,Y,186774,0,2,,C
20140304,9:30:15.003,Y,ALG,,48.89,1,57,1,R,Y,Y,186776,0,2,,C
20140304,9:30:15.003,Y,ALG,,46.37,1,57,1,R,Y,Y,186778,0,2,,C
20140304,9:30:15.051,Z,ALG,,48.37,1,52.23,1,R,Z,Z,187646,6,2,,C
20140304,9:30:15.053,P,ALG,,49.89,3,55.09,1,R,P,P,187662,0,2,,C
20140304,9:30:15.075,Y,ALG,,48.89,1,57,1,R,Y,Y,187732,0,2,,C
20140304,9:30:15.075,Y,ALG,,48.89,1,53.28,1,R,Y,Y,187733,0,2,,C
20140304,9:30:15.101,Y,ALG,,48.89,2,53.28,1,R,Y,Y,187781,0,2,,C
20140304,9:30:15.102,Y,ALG,,48.89,2,53.28,2,R,Y,Y,187783,0,2,,C
20140304,9:30:17.003,Z,ALG,,48.37,1,54.87,1,R,Z,Z,191267,6,2,,C
20140304,9:30:17.003,P,ALG,,49.89,3,52.97,3,R,P,P,191268,1,2,,C
20140304,9:30:17.005,Y,ALG,,48.89,2,53.28,1,R,Y,Y,191269,0,2,,C
20140304,9:30:17.005,Y,ALG,,48.89,2,55.89,1,R,Y,Y,191270,0,2,,C
20140304,9:30:17.005,Y,ALG,,48.89,1,55.89,1,R,Y,Y,191271,0,2,,C
20140304,9:30:17.005,Y,ALG,,46.37,1,55.89,1,R,Y,Y,191272,0,2,,C
20140304,9:30:17.005,Y,ALG,,46.37,1,57,1,R,Y,Y,191273,0,2,,C
20140304,9:30:17.006,Z,ALG,,48.37,1,52.23,1,R,Z,Z,191274,6,2,,C
20140304,9:30:17.006,P,ALG,,49.89,3,55.09,1,R,P,P,191276,0,2,,C
20140304,9:30:17.017,Y,ALG,,48.89,1,57,1,R,Y,Y,191285,0,2,,C
20140304,9:30:17.017,Y,ALG,,48.89,1,53.28,1,R,Y,Y,191286,0,2,,C
20140304,9:30:17.088,Y,ALG,,48.89,2,53.28,1,R,Y,Y,191325,0,2,,C
20140304,9:30:17.088,Y,ALG,,48.89,2,53.28,2,R,Y,Y,191327,0,2,,C
20140304,9:30:19.002,Z,ALG,,48.37,1,54.87,1,R,Z,Z,193084,6,2,,C
20140304,9:30:19.002,P,ALG,,49.89,3,52.97,3,R,P,P,193085,1,2,,C
20140304,9:30:19.004,Y,ALG,,48.89,2,53.28,1,R,Y,Y,193086,0,2,,C
20140304,9:30:19.004,Y,ALG,,48.89,2,55.89,1,R,Y,Y,193087,0,2,,C
20140304,9:30:19.004,Y,ALG,,48.89,1,55.89,1,R,Y,Y,193088,0,2,,C
20140304,9:30:19.004,Y,ALG,,46.37,1,55.89,1,R,Y,Y,193089,0,2,,C
20140304,9:30:19.005,Y,ALG,,46.37,1,57,1,R,Y,Y,193090,0,2,,C
20140304,9:30:19.006,Z,ALG,,48.37,1,52.23,1,R,Z,Z,193091,6,2,,C
20140304,9:30:19.006,P,ALG,,49.89,3,55.09,1,R,P,P,193092,0,2,,C
20140304,9:30:19.030,Y,ALG,,48.89,1,57,1,R,Y,Y,193102,0,2,,C
20140304,9:30:19.030,Y,ALG,,48.89,1,53.28,1,R,Y,Y,193103,0,2,,C
20140304,9:30:19.100,Y,ALG,,48.89,2,53.28,1,R,Y,Y,193139,0,2,,C
20140304,9:30:19.100,Y,ALG,,48.89,2,53.28,2,R,Y,Y,193140,0,2,,C
20140304,9:30:20.730,Y,ALG,,48.89,2,53.28,2,R,Y,Y,194012,0,2,A,C
20140304,9:30:20.730,T,ALG,,47.89,1,55.09,1,R,T,T,194013,0,2,A,C
20140304,9:30:21.001,Z,ALG,,48.37,1,54.87,1,R,Z,Z,194204,6,2,,C
20140304,9:30:21.002,P,ALG,,49.89,3,52.97,3,R,P,P,194205,1,2,,C
20140304,9:30:21.002,Y,ALG,,48.89,2,53.28,2,R,Y,Y,194206,0,2,A,C
20140304,9:30:21.002,T,ALG,,47.89,1,55.09,1,R,T,T,194207,0,2,A,C
20140304,9:30:21.003,T,ALG,,47.89,1,55.09,1,R,T,T,194208,0,2,A,C
20140304,9:30:21.003,Y,ALG,,48.89,2,53.28,1,R,Y,Y,194209,0,2,A,C
20140304,9:30:21.004,Y,ALG,,48.89,2,55.89,1,R,Y,Y,194210,0,2,A,C
20140304,9:30:21.004,Y,ALG,,48.89,1,55.89,1,R,Y,Y,194211,0,2,A,C
20140304,9:30:21.004,Y,ALG,,46.37,1,55.89,1,R,Y,Y,194212,0,2,A,C
20140304,9:30:21.006,Z,ALG,,48.37,1,52.23,1,R,Z,Z,194213,6,2,,C
20140304,9:30:21.006,P,ALG,,49.89,3,55.09,1,R,P,P,194214,0,2,,C
20140304,9:30:21.006,Y,ALG,,46.37,1,55.89,1,R,Y,Y,194215,0,2,A,C
20140304,9:30:21.009,Y,ALG,,46.37,1,57,1,R,Y,Y,194218,0,2,A,C
20140304,9:30:21.011,Y,ALG,,48.89,1,57,1,R,Y,Y,194222,0,2,A,C
20140304,9:30:21.011,Y,ALG,,48.89,1,53.28,1,R,Y,Y,194223,0,2,A,C
20140304,9:30:21.043,Y,ALG,,48.89,2,53.28,1,R,Y,Y,194250,0,2,A,C
20140304,9:30:21.043,Y,ALG,,48.89,2,53.28,2,R,Y,Y,194251,0,2,A,C
20140304,9:30:23.001,Z,ALG,,48.37,1,53.8,1,R,Z,Z,195348,6,2,,C
20140304,9:30:23.001,P,ALG,,49.89,3,52.97,3,R,P,P,195349,1,2,,C
20140304,9:30:23.002,Z,ALG,,48.37,1,54.87,1,R,Z,Z,195350,0,2,,C
20140304,9:30:23.003,Y,ALG,,48.89,2,55.89,1,R,Y,Y,195351,0,2,A,C
20140304,9:30:23.003,Y,ALG,,46.37,1,55.89,1,R,Y,Y,195352,0,2,A,C
20140304,9:30:23.004,Y,ALG,,46.37,1,57,1,R,Y,Y,195353,0,2,A,C
20140304,9:30:23.004,Z,ALG,,48.37,1,52.23,1,R,Z,Z,195354,6,2,,C
20140304,9:30:23.004,P,ALG,,49.89,3,55.09,1,R,P,P,195355,0,2,,C
20140304,9:30:23.023,Y,ALG,,48.89,1,57,1,R,Y,Y,195361,0,2,A,C
20140304,9:30:23.024,Y,ALG,,48.89,1,53.28,1,R,Y,Y,195362,0,2,A,C
20140304,9:30:23.056,Y,ALG,,48.89,2,53.28,1,R,Y,Y,195475,0,2,A,C
20140304,9:30:23.056,Y,ALG,,48.89,2,53.28,2,R,Y,Y,195476,0,2,A,C
20140304,9:30:25.001,Z,ALG,,48.37,1,54.87,1,R,Z,Z,196500,6,2,,C
20140304,9:30:25.001,P,ALG,,49.89,3,52.97,3,R,P,P,196503,1,2,,C
20140304,9:30:25.001,Y,ALG,,48.89,2,53.28,2,R,Y,Y,196504,0,2,A,C
20140304,9:30:25.001,T,ALG,,47.89,1,55.09,1,R,T,T,196505,0,2,A,C
20140304,9:30:25.002,T,ALG,,47.89,1,55.09,1,R,T,T,196508,0,2,A,C
20140304,9:30:25.003,Y,ALG,,48.89,2,53.28,1,R,Y,Y,196516,0,2,A,C
20140304,9:30:25.003,Y,ALG,,48.89,2,57,1,R,Y,Y,196517,0,2,A,C
20140304,9:30:25.003,Y,ALG,,48.89,1,57,1,R,Y,Y,196518,0,2,A,C
20140304,9:30:25.003,Y,ALG,,46.37,1,57,1,R,Y,Y,196519,0,2,A,C
20140304,9:30:25.005,Z,ALG,,48.37,1,52.23,1,R,Z,Z,196522,6,2,,C
20140304,9:30:25.005,P,ALG,,49.89,3,55.09,1,R,P,P,196523,0,2,,C
20140304,9:30:25.005,Y,ALG,,46.37,1,57,1,R,Y,Y,196524,0,2,A,C
20140304,9:30:25.035,Y,ALG,,48.89,1,57,1,R,Y,Y,196541,0,2,A,C
20140304,9:30:25.035,Y,ALG,,48.89,1,53.28,1,R,Y,Y,196542,0,2,A,C
20140304,9:30:25.070,Y,ALG,,48.89,2,53.28,1,R,Y,Y,196550,0,2,A,C
20140304,9:30:25.070,Y,ALG,,48.89,2,53.28,2,R,Y,Y,196551,0,2,A,C
20140304,9:30:27.001,Z,ALG,,48.37,1,54.87,1,R,Z,Z,198445,6,2,,C
20140304,9:30:27.001,P,ALG,,49.89,3,52.97,3,R,P,P,198446,1,2,,C
20140304,9:30:27.003,Y,ALG,,48.89,2,53.28,1,R,Y,Y,198447,0,2,A,C
20140304,9:30:27.003,Y,ALG,,48.89,2,57,1,R,Y,Y,198448,0,2,A,C
20140304,9:30:27.003,Y,ALG,,48.89,1,57,1,R,Y,Y,198449,0,2,A,C
20140304,9:30:27.003,Y,ALG,,46.37,1,57,1,R,Y,Y,198450,0,2,A,C
20140304,9:30:27.004,Z,ALG,,48.37,1,52.23,1,R,Z,Z,198451,6,2,,C
20140304,9:30:27.004,P,ALG,,49.89,3,55.09,1,R,P,P,198452,0,2,,C
20140304,9:30:27.005,W,ALG,,48.89,1,0,0,R,W,W,198453,0,2,,C
20140304,9:30:27.005,W,ALG,,48.89,1,54.34,1,R,W,W,198454,0,2,,C
20140304,9:30:27.015,W,ALG,,48.89,1,0,0,R,W,W,198465,0,2,,C
20140304,9:30:27.015,W,ALG,,48.89,1,53.27,1,R,W,W,198466,0,2,,C
20140304,9:30:27.049,Y,ALG,,48.89,1,57,1,R,Y,Y,198475,0,2,A,C
20140304,9:30:27.049,Y,ALG,,48.89,1,53.28,1,R,Y,Y,198476,0,2,A,C
20140304,9:30:27.083,Y,ALG,,48.89,2,53.28,1,R,Y,Y,198481,0,2,A,C
20140304,9:30:27.084,Y,ALG,,48.89,2,53.28,2,R,Y,Y,198482,0,2,A,C
20140304,9:30:29.001,Z,ALG,,48.37,1,54.87,1,R,Z,Z,200377,6,2,,C
20140304,9:30:29.001,P,ALG,,49.89,3,52.97,3,R,P,P,200379,1,2,,C
20140304,9:30:29.003,Y,ALG,,48.89,2,53.28,1,R,Y,Y,200381,0,2,A,C
20140304,9:30:29.003,Y,ALG,,48.89,2,55.89,1,R,Y,Y,200382,0,2,A,C
20140304,9:30:29.003,Y,ALG,,48.89,1,55.89,1,R,Y,Y,200383,0,2,A,C
20140304,9:30:29.003,Y,ALG,,46.37,1,55.89,1,R,Y,Y,200384,0,2,A,C
20140304,9:30:29.003,Y,ALG,,46.37,1,57,1,R,Y,Y,200385,0,2,A,C
20140304,9:30:29.061,W,ALG,,48.89,1,0,0,R,W,W,200434,0,2,,C
20140304,9:30:29.061,W,ALG,,48.89,1,54.03,1,R,W,W,200435,0,2,,C
20140304,9:30:29.061,Y,ALG,,48.89,1,57,1,R,Y,Y,200436,0,2,A,C
20140304,9:30:29.061,Y,ALG,,48.89,1,54.03,1,R,Y,Y,200437,0,2,A,C
20140304,9:30:29.097,Y,ALG,,48.89,2,54.03,1,R,Y,Y,200543,0,2,A,C
20140304,9:30:29.097,Y,ALG,,48.89,2,54.03,2,R,Y,Y,200544,0,2,A,C
20140304,9:30:30.044,Z,ALG,,48.37,1,52.23,1,R,Z,Z,201821,6,2,,C
20140304,9:30:30.045,P,ALG,,49.89,3,55.09,1,R,P,P,201823,0,2,,C
20140304,9:30:30.046,Y,ALG,,48.89,2,54.03,1,R,Y,Y,201831,0,2,A,C
20140304,9:30:30.047,Y,ALG,,48.89,2,57,1,R,Y,Y,201832,0,2,A,C
20140304,9:30:30.047,Y,ALG,,48.89,1,57,1,R,Y,Y,201834,0,2,A,C
20140304,9:30:30.047,Y,ALG,,46.37,1,57,1,R,Y,Y,201835,0,2,A,C
20140304,9:30:30.048,Y,ALG,,46.37,1,55.89,1,R,Y,Y,201838,0,2,A,C
20140304,9:30:30.067,Y,ALG,,48.89,1,55.89,1,R,Y,Y,201923,0,2,A,C
20140304,9:30:30.067,Y,ALG,,48.89,1,53.28,1,R,Y,Y,201924,0,2,A,C
20140304,9:30:30.103,Y,ALG,,48.89,2,53.28,1,R,Y,Y,202007,0,2,A,C
20140304,9:30:30.103,Y,ALG,,48.89,2,53.28,2,R,Y,Y,202008,0,2,A,C
20140304,9:30:30.379,W,ALG,,48.89,1,0,0,R,W,W,202304,0,2,,C
20140304,9:30:30.379,W,ALG,,48.89,1,53.27,1,R,W,W,202305,0,2,,C
20140304,9:30:30.709,P,ALG,,49.91,3,55.09,1,R,P,P,202550,6,2,,C
20140304,9:30:30.711,T,ALG,,47.89,1,55.09,1,R,T,T,202551,0,2,,C
20140304,9:30:32.001,Z,ALG,,48.37,1,54.87,1,R,Z,Z,203674,6,2,,C
20140304,9:30:32.001,P,ALG,,49.91,3,52.97,3,R,P,P,203675,1,2,,C
20140304,9:30:32.003,Y,ALG,,48.89,2,57,1,R,Y,Y,203692,0,2,A,C
20140304,9:30:32.003,Y,ALG,,46.37,1,57,1,R,Y,Y,203693,0,2,A,C
20140304,9:30:32.004,Z,ALG,,48.37,1,52.23,1,R,Z,Z,203694,6,2,,C
20140304,9:30:32.004,P,ALG,,49.91,3,55.09,1,R,P,P,203695,0,2,,C
20140304,9:30:32.005,T,ALG,,47.89,1,55.09,1,R,T,T,203696,0,2,A,C
20140304,9:30:32.019,Y,ALG,,48.91,1,57,1,R,Y,Y,203715,0,2,A,C
20140304,9:30:32.019,Y,ALG,,48.91,1,53.28,1,R,Y,Y,203716,0,2,A,C
20140304,9:30:32.033,W,ALG,,0,0,53.27,1,R,W,W,203735,0,2,,C
20140304,9:30:32.033,W,ALG,,48.91,1,53.27,1,R,W,W,203736,0,2,,C
20140304,9:30:32.081,Y,ALG,,48.91,2,53.28,1,R,Y,Y,203750,0,2,A,C
20140304,9:30:32.081,Y,ALG,,48.91,2,53.28,2,R,Y,Y,203751,0,2,A,C
20140304,9:30:33.000,P,ALG,,49.93,3,55.09,1,R,P,P,205145,6,2,,C
20140304,9:30:33.001,T,ALG,,47.89,1,55.09,1,R,T,T,205147,0,2,,C
20140304,9:30:34.001,Z,ALG,,48.37,1,53.8,1,R,Z,Z,205810,6,2,,C
20140304,9:30:34.001,P,ALG,,49.93,3,52.97,3,R,P,P,205811,1,2,,C
20140304,9:30:34.002,Z,ALG,,48.37,1,54.87,1,R,Z,Z,205812,0,2,,C
20140304,9:30:34.002,Y,ALG,,48.91,2,53.28,2,R,Y,Y,205813,0,2,A,C
20140304,9:30:34.002,T,ALG,,47.89,1,55.09,1,R,T,T,205814,0,2,A,C
20140304,9:30:34.003,Y,ALG,,48.91,2,55.89,1,R,Y,Y,205815,0,2,A,C
20140304,9:30:34.003,Y,ALG,,46.37,1,55.89,1,R,Y,Y,205816,0,2,A,C
20140304,9:30:34.003,Y,ALG,,46.37,1,57,1,R,Y,Y,205817,0,2,A,C
20140304,9:30:34.003,Z,ALG,,48.37,1,52.23,1,R,Z,Z,205818,6,2,,C
20140304,9:30:34.003,P,ALG,,49.93,3,55.09,1,R,P,P,205819,0,2,,C
20140304,9:30:34.003,Y,ALG,,46.37,1,57,1,R,Y,Y,205820,0,2,A,C
20140304,9:30:34.013,W,ALG,,0,0,53.27,1,R,W,W,205822,0,2,,C
20140304,9:30:34.013,W,ALG,,48.93,1,53.27,1,R,W,W,205823,0,2,,C
20140304,9:30:34.033,Y,ALG,,48.93,1,57,1,R,Y,Y,205827,0,2,A,C
20140304,9:30:34.033,Y,ALG,,48.93,1,53.28,1,R,Y,Y,205828,0,2,A,C
20140304,9:30:34.092,Y,ALG,,48.93,2,53.28,1,R,Y,Y,205845,0,2,A,C
20140304,9:30:34.092,Y,ALG,,48.93,2,53.28,2,R,Y,Y,205846,0,2,A,C
20140304,9:30:36.001,Z,ALG,,48.37,1,54.87,1,R,Z,Z,207207,6,2,,C
20140304,9:30:36.001,P,ALG,,49.93,3,52.97,3,R,P,P,207208,1,2,,C
20140304,9:30:36.003,Y,ALG,,48.93,2,57,1,R,Y,Y,207212,0,2,A,C
20140304,9:30:36.003,Y,ALG,,48.93,1,57,1,R,Y,Y,207213,0,2,A,C
20140304,9:30:36.003,Y,ALG,,46.37,1,57,1,R,Y,Y,207214,0,2,A,C
20140304,9:30:36.005,Z,ALG,,48.37,1,52.23,1,R,Z,Z,207218,6,2,,C
20140304,9:30:36.005,P,ALG,,49.93,3,55.09,1,R,P,P,207219,0,2,,C
20140304,9:30:36.046,Y,ALG,,48.93,1,57,1,R,Y,Y,207247,0,2,A,C
20140304,9:30:36.046,Y,ALG,,48.93,1,53.28,1,R,Y,Y,207248,0,2,A,C
20140304,9:30:36.103,Y,ALG,,48.93,2,53.28,1,R,Y,Y,207283,0,2,A,C
20140304,9:30:36.103,Y,ALG,,48.93,2,53.28,2,R,Y,Y,207284,0,2,A,C
20140304,9:30:37.174,T,ALG,,49.93,1,55.09,1,R,T,T,207844,0,2,A,C
20140304,9:30:38.004,Z,ALG,,48.37,1,54.87,1,R,Z,Z,208276,6,2,,C
20140304,9:30:38.004,P,ALG,,49.93,3,52.97,3,R,P,P,208277,1,2,,C
20140304,9:30:38.005,K,ALG,,37.41,1,53.28,1,R,K,K,208278,0,2,,C
20140304,9:30:38.006,Y,ALG,,48.93,2,53.28,1,R,Y,Y,208279,0,2,A,C
20140304,9:30:38.006,Y,ALG,,48.93,2,57,1,R,Y,Y,208280,0,2,A,C
20140304,9:30:38.006,Y,ALG,,48.93,1,57,1,R,Y,Y,208281,0,2,A,C
20140304,9:30:38.006,Y,ALG,,46.37,1,57,1,R,Y,Y,208282,0,2,A,C
20140304,9:30:38.006,Z,ALG,,48.37,1,52.23,1,R,Z,Z,208283,6,2,,C
20140304,9:30:38.006,P,ALG,,49.93,3,55.09,1,R,P,P,208284,0,2,,C
20140304,9:30:38.014,Y,ALG,,48.93,1,57,1,R,Y,Y,208289,0,2,A,C
20140304,9:30:38.014,Y,ALG,,48.93,1,53.28,1,R,Y,Y,208290,0,2,A,C
20140304,9:30:38.060,Y,ALG,,48.93,2,53.28,1,R,Y,Y,208309,0,2,A,C
20140304,9:30:38.060,Y,ALG,,48.93,2,53.28,2,R,Y,Y,208310,0,2,A,C
20140304,9:30:39.524,P,ALG,,49.93,4,55.09,1,R,P,P,209437,6,2,,C
20140304,9:30:39.524,P,ALG,,49.93,4,52.23,1,R,P,P,209438,0,2,,C
20140304,9:30:40.002,Z,ALG,,48.37,1,54.87,1,R,Z,Z,209866,6,2,,C
20140304,9:30:40.005,Z,ALG,,48.37,1,52.23,1,R,Z,Z,209867,0,2,,C
20140304,9:30:42.001,Z,ALG,,48.37,1,54.87,1,R,Z,Z,211503,0,2,,C
20140304,9:30:42.004,Z,ALG,,48.37,1,52.23,1,R,Z,Z,211504,0,2,,C
20140304,9:30:43.075,P,ALG,,49.95,3,52.23,1,R,P,P,212213,6,2,,C
20140304,9:30:43.076,T,ALG,,49.93,1,55.09,1,R,T,T,212214,0,2,,C
20140304,9:30:44.001,Z,ALG,,48.37,1,54.87,1,R,Z,Z,212788,6,2,,C
20140304,9:30:44.101,T,ALG,,49.93,1,55.09,1,R,T,T,212944,0,2,A,C
20140304,9:30:44.949,Z,ALG,,48.37,1,53.8,1,R,Z,Z,213519,0,2,,C
20140304,9:30:45.051,Z,ALG,,48.37,1,52.23,1,R,Z,Z,213883,0,2,,C
20140304,9:30:47.005,Z,ALG,,48.37,1,53.8,1,R,Z,Z,215692,0,2,,C
20140304,9:30:47.008,Z,ALG,,48.37,1,52.23,1,R,Z,Z,215693,0,2,,C
20140304,9:30:49.005,Z,ALG,,48.37,1,53.8,1,R,Z,Z,216718,0,2,,C
20140304,9:30:49.007,Z,ALG,,48.37,1,52.23,1,R,Z,Z,216719,0,2,,C
20140304,9:30:51.002,Z,ALG,,48.37,1,53.8,1,R,Z,Z,217768,0,2,,C
20140304,9:30:51.005,Z,ALG,,48.37,1,52.23,1,R,Z,Z,217779,0,2,,C
20140304,9:30:52.175,T,ALG,,49.95,1,55.09,1,R,T,T,218632,0,2,A,C
20140304,9:30:53.001,Z,ALG,,48.37,1,53.8,1,R,Z,Z,219151,0,2,,C
20140304,9:30:53.005,Z,ALG,,48.37,1,52.23,1,R,Z,Z,219154,0,2,,C
20140304,9:30:54.529,P,ALG,,49.95,4,52.23,1,R,P,P,220773,6,2,,C
20140304,9:30:55.001,Z,ALG,,48.37,1,53.8,1,R,Z,Z,221225,6,2,,C
20140304,9:30:55.006,Z,ALG,,48.37,1,52.23,1,R,Z,Z,221238,0,2,,C
20140304,9:30:57.001,Z,ALG,,48.37,1,53.8,1,R,Z,Z,222400,0,2,,C
20140304,9:30:57.003,Z,ALG,,48.37,1,52.23,1,R,Z,Z,222404,0,2,,C
20140304,9:30:59.001,Z,ALG,,48.37,1,53.8,1,R,Z,Z,223670,0,2,,C
20140304,9:30:59.009,Z,ALG,,49.95,4,53.8,1,R,Z,Z,223675,0,2,,C
20140304,9:31:08.186,K,ALG,,37.41,1,52.23,1,R,K,K,238397,0,2,,C
20140304,9:31:13.562,P,ALG,,49.95,1,52.23,1,R,P,P,246024,6,2,,C
20140304,9:31:13.562,N,ALG,,51.17,1,52.5,1,O,N,N,246025,6,2,,C
20140304,9:31:13.562,T,ALG,,50.8,1,55.09,1,R,T,T,246026,0,2,A,C
20140304,9:31:13.562,T,ALG,,50.8,1,55.09,1,R,T,T,246027,0,2,,C
20140304,9:31:13.563,Y,ALG,,48.93,2,53.28,2,R,Y,Y,246028,0,2,,C
20140304,9:31:13.563,N,ALG,,51.01,2,52.5,1,R,N,N,246029,6,2,,C
20140304,9:31:13.564,K,ALG,,47.58,1,52.23,1,R,K,K,246032,6,2,,C
20140304,9:31:13.564,J,ALG,,47.58,1,66.21,1,R,J,J,246033,0,2,,C
20140304,9:31:13.564,N,ALG,,51.48,1,52.5,1,R,N,N,246035,6,2,,C
20140304,9:31:13.564,Y,ALG,,48.93,1,53.28,2,R,Y,Y,246036,0,2,,C
20140304,9:31:13.564,Y,ALG,,47.58,1,53.28,2,R,Y,Y,246037,0,2,,C
20140304,9:31:13.564,Y,ALG,,47.58,1,53.28,1,R,Y,Y,246038,0,2,,C
20140304,9:31:13.564,Y,ALG,,47.58,1,55.89,1,R,Y,Y,246039,0,2,,C
20140304,9:31:13.564,J,ALG,,47.58,1,55.89,1,R,J,J,246041,0,2,,C
20140304,9:31:13.565,N,ALG,,51.48,1,52.5,1,R,N,N,246055,0,2,A,C
20140304,9:31:13.565,N,ALG,,51.48,1,52.21,4,R,N,N,246058,1,2,A,C
20140304,9:31:13.566,N,ALG,,51.48,1,52.21,4,R,N,N,246068,0,2,,C
20140304,9:31:13.566,P,ALG,,51.18,1,52.23,1,R,P,P,246069,0,2,,C
20140304,9:31:13.568,N,ALG,,51.48,1,52.5,1,R,N,N,246071,6,2,,C
20140304,9:31:13.571,N,ALG,,51.5,4,52.5,1,R,N,N,246075,6,2,,C
20140304,9:31:13.572,N,ALG,,51.5,4,52.19,4,R,N,N,246077,1,2,,C
20140304,9:31:13.574,N,ALG,,51.48,1,52.19,4,R,N,N,246081,1,2,,C
20140304,9:31:13.574,N,ALG,,51.48,1,52.5,1,R,N,N,246082,6,2,,C
20140304,9:31:13.577,N,ALG,,51.52,4,52.5,1,R,N,N,246084,6,2,,C
20140304,9:31:13.578,N,ALG,,51.52,4,52.17,4,R,N,N,246086,1,2,,C
20140304,9:31:13.580,N,ALG,,51.48,1,52.17,4,R,N,N,246087,1,2,,C
20140304,9:31:13.580,N,ALG,,51.48,1,52.5,1,R,N,N,246088,6,2,,C
20140304,9:31:13.581,D,ALG,,44.4,2,0,0,R,D,D,246089,0,1,A,C
20140304,9:31:13.583,N,ALG,,51.54,4,52.5,1,R,N,N,246090,6,0,,C
20140304,9:31:13.584,N,ALG,,51.54,4,52.21,4,R,N,N,246094,1,0,,C
20140304,9:31:13.586,N,ALG,,51.48,1,52.21,4,R,N,N,246097,1,0,,C
20140304,9:31:13.586,N,ALG,,51.48,1,52.5,1,R,N,N,246101,6,0,,C
20140304,9:31:13.587,N,ALG,,51.48,1,52.2,1,R,N,N,246103,1,0,,C
20140304,9:31:13.588,N,ALG,,51.56,4,52.2,1,R,N,N,246105,1,0,,C
20140304,9:31:13.589,N,ALG,,51.56,4,52.2,1,R,N,N,246106,0,0,A,C
20140304,9:31:13.590,N,ALG,,51.56,4,52.2,1,R,N,N,246107,0,0,,C
20140304,9:31:13.590,N,ALG,,51.56,4,52.19,4,R,N,N,246108,1,0,,C
20140304,9:31:13.590,N,ALG,,51.56,4,52.19,4,R,N,N,246109,0,0,A,C
20140304,9:31:13.591,N,ALG,,51.48,1,52.19,4,R,N,N,246110,1,0,A,C
20140304,9:31:13.592,D,ALG,,44.4,2,0,0,R,D,D,246112,0,0,A,C
20140304,9:31:13.592,N,ALG,,51.48,1,52.2,1,R,N,N,246113,1,0,A,C
20140304,9:31:13.592,N,ALG,,51.48,1,52.2,1,R,N,N,246114,0,0,,C
20140304,9:31:13.594,N,ALG,,51.58,4,52.2,1,R,N,N,246115,1,0,,C
20140304,9:31:13.595,Z,ALG,,49.95,4,53.8,1,R,Z,Z,246117,0,0,,C
20140304,9:31:13.595,N,ALG,,51.58,4,52.2,1,R,N,N,246118,0,0,A,C
20140304,9:31:13.595,N,ALG,,51.58,4,52.17,4,R,N,N,246119,1,0,A,C
20140304,9:31:13.595,Y,ALG,,50.45,1,55.89,1,R,Y,Y,246120,0,0,,C
20140304,9:31:13.595,Y,ALG,,50.45,1,53.25,1,R,Y,Y,246121,0,0,,C
20140304,9:31:13.596,N,ALG,,51.58,4,52.17,4,R,N,N,246122,0,0,,C
20140304,9:31:13.597,N,ALG,,51.49,1,52.17,4,R,N,N,246124,1,0,,C
20140304,9:31:13.598,N,ALG,,51.49,1,52.2,1,R,N,N,246125,1,0,,C
20140304,9:31:13.600,N,ALG,,51.6,4,52.2,1,R,N,N,246126,1,0,,C
20140304,9:31:13.601,N,ALG,,51.6,4,52.15,4,R,N,N,246127,1,0,,C
20140304,9:31:13.602,N,ALG,,51.49,1,52.15,4,R,N,N,246128,1,0,,C
20140304,9:31:13.603,N,ALG,,51.49,1,52.2,1,R,N,N,246129,1,0,,C
20140304,9:31:13.605,N,ALG,,51.62,4,52.2,1,R,N,N,246130,1,0,,C
20140304,9:31:13.606,N,ALG,,51.62,4,52.18,4,R,N,N,246132,1,0,,C
20140304,9:31:13.608,N,ALG,,51.49,1,52.18,4,R,N,N,246133,1,0,,C
20140304,9:31:13.609,N,ALG,,51.49,1,52.2,1,R,N,N,246134,1,0,,C
20140304,9:31:13.611,N,ALG,,51.64,4,52.2,1,R,N,N,246135,1,0,,C
20140304,9:31:13.612,N,ALG,,51.64,4,52.18,4,R,N,N,246136,1,0,,C
20140304,9:31:13.614,N,ALG,,51.49,1,52.18,4,R,N,N,246138,1,0,,C
20140304,9:31:13.615,N,ALG,,51.49,1,52.2,1,R,N,N,246141,1,0,,C
20140304,9:31:13.617,N,ALG,,51.51,4,52.2,1,R,N,N,246142,1,0,,C
20140304,9:31:13.618,N,ALG,,51.51,4,52.16,4,R,N,N,246143,1,0,,C
20140304,9:31:13.620,N,ALG,,51.49,1,52.16,4,R,N,N,246144,1,0,,C
20140304,9:31:13.621,N,ALG,,51.49,1,52.2,1,R,N,N,246145,1,0,,C
20140304,9:31:13.623,N,ALG,,51.53,4,52.2,1,R,N,N,246146,1,0,,C
20140304,9:31:13.624,N,ALG,,51.53,4,52.14,4,R,N,N,246147,1,0,,C
20140304,9:31:13.625,N,ALG,,51.49,1,52.14,4,R,N,N,246148,1,0,,C
20140304,9:31:13.626,N,ALG,,51.48,1,52.14,4,R,N,N,246149,1,0,,C
20140304,9:31:13.626,N,ALG,,51.48,1,52.5,1,R,N,N,246150,6,0,,C
20140304,9:31:13.628,N,ALG,,51.55,4,52.5,1,R,N,N,246151,6,0,,C
20140304,9:31:13.629,N,ALG,,51.55,4,52.12,4,R,N,N,246152,1,0,,C
20140304,9:31:13.631,N,ALG,,51.48,1,52.12,4,R,N,N,246153,1,0,,C
20140304,9:31:13.632,N,ALG,,51.48,1,52.5,1,R,N,N,246154,6,0,,C
20140304,9:31:13.634,Y,ALG,,50.45,2,53.25,1,R,Y,Y,246155,0,0,,C
20140304,9:31:13.634,Y,ALG,,50.45,2,53.17,1,R,Y,Y,246156,0,0,,C
20140304,9:31:13.634,N,ALG,,51.57,4,52.5,1,R,N,N,246157,6,0,,C
20140304,9:31:13.635,N,ALG,,51.57,4,52.21,4,R,N,N,246158,1,0,,C
20140304,9:31:13.637,N,ALG,,51.48,1,52.21,4,R,N,N,246159,1,0,,C
20140304,9:31:13.638,N,ALG,,51.48,1,52.5,1,R,N,N,246160,6,0,,C
20140304,9:31:13.640,N,ALG,,51.59,4,52.5,1,R,N,N,246161,6,0,,C
20140304,9:31:13.641,N,ALG,,51.59,4,52.21,4,R,N,N,246162,1,0,,C
20140304,9:31:13.643,N,ALG,,51.48,1,52.21,4,R,N,N,246164,1,0,,C
20140304,9:31:13.644,N,ALG,,51.48,1,52.5,1,R,N,N,246168,6,0,,C
20140304,9:31:13.646,N,ALG,,51.61,4,52.5,1,R,N,N,246172,6,0,,C
20140304,9:31:13.646,P,ALG,,51.18,1,52.06,1,R,P,P,246173,6,0,,C
20140304,9:31:13.647,W,ALG,,48.93,1,0,0,R,W,W,246174,0,0,,C
20140304,9:31:13.647,W,ALG,,0,0,0,0,R,W,W,246175,0,0,,C
20140304,9:31:13.647,W,ALG,,0,0,53.25,1,R,W,W,246176,0,0,,C
20140304,9:31:13.647,W,ALG,,50.45,1,53.25,1,R,W,W,246177,0,0,,C
20140304,9:31:13.647,N,ALG,,51.61,4,52.19,4,R,N,N,246178,0,0,,C
20140304,9:31:13.648,N,ALG,,51.48,1,52.19,4,R,N,N,246179,6,0,,C
20140304,9:31:13.650,N,ALG,,51.48,1,52.5,1,R,N,N,246180,0,0,,C
20140304,9:31:13.651,N,ALG,,51.63,4,52.5,1,R,N,N,246181,6,0,,C
20140304,9:31:13.652,K,ALG,,47.58,1,52.23,2,R,K,K,246182,0,0,,C
20140304,9:31:13.654,N,ALG,,51.48,1,52.5,1,R,N,N,246188,6,0,,C
20140304,9:31:13.657,N,ALG,,51.65,4,52.5,1,R,N,N,246189,6,0,,C
20140304,9:31:13.659,N,ALG,,51.48,1,52.5,1,R,N,N,246199,6,0,,C
20140304,9:31:13.662,N,ALG,,51.67,4,52.5,1,R,N,N,246201,6,0,,C
20140304,9:31:13.665,N,ALG,,51.48,1,52.5,1,R,N,N,246202,6,0,,C
20140304,9:31:13.668,N,ALG,,51.69,4,52.5,1,R,N,N,246206,6,0,,C
20140304,9:31:13.671,N,ALG,,51.48,1,52.5,1,R,N,N,246207,6,0,,C
20140304,9:31:13.673,N,ALG,,51.71,4,52.5,1,R,N,N,246208,6,0,,C
20140304,9:31:13.676,N,ALG,,51.48,1,52.5,1,R,N,N,246214,6,0,,C
20140304,9:31:13.679,N,ALG,,51.73,4,52.5,1,R,N,N,246220,6,0,,C
20140304,9:31:13.682,N,ALG,,51.48,1,52.5,1,R,N,N,246221,6,0,,C
20140304,9:31:13.685,N,ALG,,51.75,4,52.5,1,R,N,N,246222,6,0,,C
20140304,9:31:13.686,Z,ALG,,49.95,4,53.8,1,R,Z,Z,246223,0,0,,C
20140304,9:31:13.687,N,ALG,,51.48,1,52.5,1,R,N,N,246227,6,0,,C
20140304,9:31:13.690,N,ALG,,51.77,4,52.5,1,R,N,N,246228,6,0,,C
20140304,9:31:13.693,N,ALG,,51.48,1,52.5,1,R,N,N,246229,6,0,,C
20140304,9:31:13.696,N,ALG,,51.79,4,52.5,1,R,N,N,246231,6,0,,C
20140304,9:31:13.699,N,ALG,,51.48,1,52.5,1,R,N,N,246232,6,0,,C
20140304,9:31:13.702,N,ALG,,51.5,4,52.5,1,R,N,N,246233,6,0,,C
20140304,9:31:13.705,N,ALG,,51.48,1,52.5,1,R,N,N,246234,6,0,,C
20140304,9:31:13.707,N,ALG,,51.52,4,52.5,1,R,N,N,246235,6,0,,C
20140304,9:31:13.710,N,ALG,,51.48,1,52.5,1,R,N,N,246236,6,0,,C
20140304,9:31:13.713,N,ALG,,51.5,4,52.5,1,R,N,N,246237,6,0,,C
20140304,9:31:13.716,N,ALG,,51.48,1,52.5,1,R,N,N,246238,6,0,,C
20140304,9:31:13.719,N,ALG,,51.52,4,52.5,1,R,N,N,246239,6,0,,C
20140304,9:31:13.722,N,ALG,,51.48,1,52.5,1,R,N,N,246244,6,0,,C
20140304,9:31:13.725,N,ALG,,51.54,4,52.5,1,R,N,N,246245,6,0,,C
20140304,9:31:13.727,W,ALG,,50.45,1,0,0,R,W,W,246248,0,0,,C
20140304,9:31:13.727,W,ALG,,50.45,1,53.1,1,R,W,W,246249,0,0,,C
20140304,9:31:13.727,N,ALG,,51.48,1,52.5,1,R,N,N,246251,6,0,,C
20140304,9:31:13.730,N,ALG,,51.56,4,52.5,1,R,N,N,246268,6,0,,C
20140304,9:31:13.733,N,ALG,,51.48,1,52.5,1,R,N,N,246270,6,0,,C
20140304,9:31:13.736,N,ALG,,51.58,4,52.5,1,R,N,N,246271,6,0,,C
20140304,9:31:13.739,N,ALG,,51.48,1,52.5,1,R,N,N,246272,6,0,,C
20140304,9:31:13.742,N,ALG,,51.5,4,52.5,1,R,N,N,246274,6,0,,C
20140304,9:31:13.745,N,ALG,,51.48,1,52.5,1,R,N,N,246275,6,0,,C
20140304,9:31:13.748,N,ALG,,51.52,4,52.5,1,R,N,N,246276,6,0,,C
20140304,9:31:13.751,N,ALG,,51.48,1,52.5,1,R,N,N,246280,6,0,,C
20140304,9:31:13.754,N,ALG,,51.5,4,52.5,1,R,N,N,246282,6,0,,C
20140304,9:31:13.757,N,ALG,,51.48,1,52.5,1,R,N,N,246283,6,0,,C
20140304,9:31:13.760,N,ALG,,51.52,4,52.5,1,R,N,N,246286,6,0,,C
20140304,9:31:13.762,N,ALG,,51.48,1,52.5,1,R,N,N,246291,6,0,,C
20140304,9:31:13.765,N,ALG,,51.54,4,52.5,1,R,N,N,246292,6,0,,C
20140304,9:31:13.768,N,ALG,,51.48,1,52.5,1,R,N,N,246293,6,0,,C
20140304,9:31:13.771,N,ALG,,51.5,4,52.5,1,R,N,N,246294,6,0,,C
20140304,9:31:13.774,N,ALG,,51.48,1,52.5,1,R,N,N,246295,6,0,,C
20140304,9:31:13.777,N,ALG,,51.52,4,52.5,1,R,N,N,246301,6,0,,C
20140304,9:31:13.779,N,ALG,,51.48,1,52.5,1,R,N,N,246307,6,0,,C
20140304,9:31:13.782,N,ALG,,51.54,4,52.5,1,R,N,N,246311,6,0,,C
20140304,9:31:13.785,N,ALG,,51.48,1,52.5,1,R,N,N,246313,6,0,,C
20140304,9:31:13.786,W,ALG,,0,0,53.1,1,R,W,W,246314,0,0,,C
20140304,9:31:13.787,W,ALG,,50.51,1,53.1,1,R,W,W,246315,0,0,,C
20140304,9:31:13.788,N,ALG,,51.5,4,52.5,1,R,N,N,246316,6,0,,C
20140304,9:31:13.791,N,ALG,,51.48,1,52.5,1,R,N,N,246317,6,0,,C
20140304,9:31:13.794,N,ALG,,51.52,4,52.5,1,R,N,N,246318,6,0,,C
20140304,9:31:13.796,N,ALG,,51.48,1,52.5,1,R,N,N,246320,6,0,,C
20140304,9:31:13.800,N,ALG,,51.5,4,52.5,1,R,N,N,246337,6,0,,C
20140304,9:31:13.802,N,ALG,,51.48,1,52.5,1,R,N,N,246341,6,0,,C
20140304,9:31:13.805,N,ALG,,51.52,4,52.5,1,R,N,N,246343,6,0,,C
20140304,9:31:13.808,N,ALG,,51.48,1,52.5,1,R,N,N,246344,6,0,,C
20140304,9:31:13.811,N,ALG,,51.5,4,52.5,1,R,N,N,246345,6,0,,C
20140304,9:31:13.814,N,ALG,,51.48,1,52.5,1,R,N,N,246348,6,0,,C
20140304,9:31:13.817,N,ALG,,51.52,4,52.5,1,R,N,N,246350,6,0,,C
20140304,9:31:13.820,N,ALG,,51.48,1,52.5,1,R,N,N,246351,6,0,,C
20140304,9:31:13.823,N,ALG,,51.54,4,52.5,1,R,N,N,246352,6,0,,C
20140304,9:31:13.825,N,ALG,,51.48,1,52.5,1,R,N,N,246355,6,0,,C
20140304,9:31:13.828,N,ALG,,51.56,4,52.5,1,R,N,N,246366,6,0,,C
20140304,9:31:13.831,N,ALG,,51.48,1,52.5,1,R,N,N,246367,6,0,,C
20140304,9:31:13.834,N,ALG,,51.58,4,52.5,1,R,N,N,246370,6,0,,C
20140304,9:31:13.836,N,ALG,,51.48,1,52.5,1,R,N,N,246376,6,0,,C
20140304,9:31:13.839,N,ALG,,51.5,4,52.5,1,R,N,N,246377,6,0,,C
20140304,9:31:13.842,N,ALG,,51.48,1,52.5,1,R,N,N,246380,6,0,,C
20140304,9:31:13.845,N,ALG,,51.52,4,52.5,1,R,N,N,246383,6,0,,C
20140304,9:31:13.848,N,ALG,,51.48,1,52.5,1,R,N,N,246385,6,0,,C
20140304,9:31:13.851,N,ALG,,51.54,4,52.5,1,R,N,N,246386,6,0,,C
20140304,9:31:13.853,N,ALG,,51.48,1,52.5,1,R,N,N,246387,6,0,,C
20140304,9:31:13.856,N,ALG,,51.56,4,52.5,1,R,N,N,246388,6,0,,C
20140304,9:31:13.859,N,ALG,,51.48,1,52.5,1,R,N,N,246389,6,0,,C
20140304,9:31:13.862,N,ALG,,51.5,4,52.5,1,R,N,N,246390,6,0,,C
20140304,9:31:13.865,N,ALG,,51.48,1,52.5,1,R,N,N,246391,6,0,,C
20140304,9:31:13.868,N,ALG,,51.52,4,52.5,1,R,N,N,246392,6,0,,C
20140304,9:31:13.871,N,ALG,,51.48,1,52.5,1,R,N,N,246393,6,0,,C
20140304,9:31:13.873,N,ALG,,51.54,4,52.5,1,R,N,N,246396,6,0,,C
20140304,9:31:13.876,N,ALG,,51.48,1,52.5,1,R,N,N,246398,6,0,,C
20140304,9:31:13.879,N,ALG,,51.5,4,52.5,1,R,N,N,246400,6,0,,C
20140304,9:31:13.882,N,ALG,,51.48,1,52.5,1,R,N,N,246402,6,0,,C
20140304,9:31:13.885,N,ALG,,51.52,4,52.5,1,R,N,N,246405,6,0,,C
20140304,9:31:13.887,N,ALG,,51.48,1,52.5,1,R,N,N,246407,6,0,,C
20140304,9:31:13.891,N,ALG,,51.5,4,52.5,1,R,N,N,246411,6,0,,C
20140304,9:31:13.894,N,ALG,,51.48,1,52.5,1,R,N,N,246414,6,0,,C
20140304,9:31:13.896,W,ALG,,0,0,53.1,1,R,W,W,246416,0,0,,C
20140304,9:31:13.896,W,ALG,,50.47,1,53.1,1,R,W,W,246417,0,0,,C
20140304,9:31:13.896,N,ALG,,51.52,4,52.5,1,R,N,N,246418,6,0,,C
20140304,9:31:13.899,N,ALG,,51.48,1,52.5,1,R,N,N,246426,6,0,,C
20140304,9:31:13.902,N,ALG,,51.54,4,52.5,1,R,N,N,246427,6,0,,C
20140304,9:31:13.905,N,ALG,,51.48,1,52.5,1,R,N,N,246428,6,0,,C
20140304,9:31:13.908,N,ALG,,51.5,4,52.5,1,R,N,N,246429,6,0,,C
20140304,9:31:13.911,N,ALG,,51.48,1,52.5,1,R,N,N,246430,6,0,,C
20140304,9:31:13.914,N,ALG,,51.52,4,52.5,1,R,N,N,246432,6,0,,C
20140304,9:31:13.917,N,ALG,,51.48,1,52.5,1,R,N,N,246434,6,0,,C
20140304,9:31:13.920,N,ALG,,51.54,4,52.5,1,R,N,N,246435,6,0,,C
20140304,9:31:13.922,N,ALG,,51.48,1,52.5,1,R,N,N,246437,6,0,,C
20140304,9:31:13.925,N,ALG,,51.56,4,52.5,1,R,N,N,246438,6,0,,C
20140304,9:31:13.928,N,ALG,,51.48,1,52.5,1,R,N,N,246445,6,0,,C
20140304,9:31:13.931,N,ALG,,51.5,4,52.5,1,R,N,N,246458,6,0,,C
20140304,9:31:13.934,N,ALG,,51.48,1,52.5,1,R,N,N,246459,6,0,,C
20140304,9:31:13.937,N,ALG,,51.52,4,52.5,1,R,N,N,246463,6,0,,C
20140304,9:31:13.940,N,ALG,,51.48,1,52.5,1,R,N,N,246464,6,0,,C
20140304,9:31:13.943,N,ALG,,51.54,4,52.5,1,R,N,N,246465,6,0,,C
20140304,9:31:13.946,N,ALG,,51.48,1,52.5,1,R,N,N,246468,6,0,,C
20140304,9:31:13.949,N,ALG,,51.56,4,52.5,1,R,N,N,246470,6,0,,C
20140304,9:31:13.951,N,ALG,,51.48,1,52.5,1,R,N,N,246472,6,0,,C
20140304,9:31:13.954,N,ALG,,51.58,4,52.5,1,R,N,N,246473,6,0,,C
20140304,9:31:13.957,N,ALG,,51.48,1,52.5,1,R,N,N,246475,6,0,,C
20140304,9:31:13.960,N,ALG,,51.5,4,52.5,1,R,N,N,246482,6,0,,C
20140304,9:31:13.963,N,ALG,,51.48,1,52.5,1,R,N,N,246488,6,0,,C
20140304,9:31:13.966,N,ALG,,51.5,4,52.5,1,R,N,N,246490,6,0,,C
20140304,9:31:13.966,W,ALG,,0,0,53.1,1,R,W,W,246491,0,0,,C
20140304,9:31:13.967,W,ALG,,50.45,1,53.1,1,R,W,W,246492,0,0,,C
20140304,9:31:13.969,N,ALG,,51.48,1,52.5,1,R,N,N,246494,6,0,,C
20140304,9:31:13.972,N,ALG,,51.52,4,52.5,1,R,N,N,246495,6,0,,C
20140304,9:31:13.974,N,ALG,,51.48,1,52.5,1,R,N,N,246497,6,0,,C
20140304,9:31:13.977,N,ALG,,51.5,4,52.5,1,R,N,N,246498,6,0,,C
20140304,9:31:13.980,N,ALG,,51.51,1,52.5,1,R,N,N,246499,6,0,,C
20140304,9:31:13.983,N,ALG,,51.53,4,52.5,1,R,N,N,246500,6,0,,C
20140304,9:31:13.986,N,ALG,,51.51,1,52.5,1,R,N,N,246501,6,0,,C
20140304,9:31:13.987,N,ALG,,51.48,1,52.5,1,R,N,N,246503,6,0,,C
20140304,9:31:13.989,N,ALG,,51.55,4,52.5,1,R,N,N,246504,6,0,,C
20140304,9:31:13.992,N,ALG,,51.48,1,52.5,1,R,N,N,246505,6,0,,C
20140304,9:31:13.995,N,ALG,,51.57,4,52.5,1,R,N,N,246506,6,0,,C
20140304,9:31:13.998,N,ALG,,51.48,1,52.5,1,R,N,N,246507,6,0,,C
20140304,9:31:14.001,N,ALG,,51.59,4,52.5,1,R,N,N,246510,6,0,,C
20140304,9:31:14.004,N,ALG,,51.48,1,52.5,1,R,N,N,246514,6,0,,C
20140304,9:31:14.006,N,ALG,,51.61,4,52.5,1,R,N,N,246515,6,0,,C
20140304,9:31:14.007,W,ALG,,0,0,53.1,1,R,W,W,246516,0,0,,C
20140304,9:31:14.007,W,ALG,,50.56,1,53.1,1,R,W,W,246517,0,0,,C
20140304,9:31:14.009,N,ALG,,51.48,1,52.5,1,R,N,N,246521,6,0,,C
20140304,9:31:14.012,N,ALG,,51.63,4,52.5,1,R,N,N,246524,6,0,,C
20140304,9:31:14.015,N,ALG,,51.48,1,52.5,1,R,N,N,246529,6,0,,C
20140304,9:31:14.018,N,ALG,,51.65,4,52.5,1,R,N,N,246531,6,0,,C
20140304,9:31:14.021,N,ALG,,51.48,1,52.5,1,R,N,N,246532,6,0,,C
20140304,9:31:14.024,N,ALG,,51.67,4,52.5,1,R,N,N,246535,6,0,,C
20140304,9:31:14.026,N,ALG,,51.48,1,52.5,1,R,N,N,246536,6,0,,C
20140304,9:31:14.029,N,ALG,,51.69,4,52.5,1,R,N,N,246539,6,0,,C
20140304,9:31:14.031,J,ALG,,48.07,1,55.89,1,R,J,J,246540,0,0,,C
20140304,9:31:14.031,K,ALG,,48.07,1,52.23,2,R,K,K,246541,0,0,,C
20140304,9:31:14.032,N,ALG,,51.48,1,52.5,1,R,N,N,246542,6,0,,C
20140304,9:31:14.035,N,ALG,,51.5,4,52.5,1,R,N,N,246546,6,0,,C
20140304,9:31:14.037,W,ALG,,0,0,53.1,1,R,W,W,246553,0,0,,C
20140304,9:31:14.037,W,ALG,,50.45,1,53.1,1,R,W,W,246554,0,0,,C
20140304,9:31:14.038,N,ALG,,51.48,1,52.5,1,R,N,N,246556,6,0,,C
20140304,9:31:14.042,N,ALG,,51.5,4,52.5,1,R,N,N,246560,6,0,,C
20140304,9:31:14.045,N,ALG,,51.48,1,52.5,1,R,N,N,246564,6,0,,C
20140304,9:31:14.048,N,ALG,,51.52,4,52.5,1,R,N,N,246565,6,0,,C
20140304,9:31:14.050,N,ALG,,51.48,1,52.5,1,R,N,N,246566,6,0,,C
20140304,9:31:14.053,N,ALG,,51.54,4,52.5,1,R,N,N,246569,6,0,,C
20140304,9:31:14.056,N,ALG,,51.48,1,52.5,1,R,N,N,246570,6,0,,C
20140304,9:31:14.059,N,ALG,,51.49,1,52.5,1,R,N,N,246574,6,0,,C
20140304,9:31:14.059,N,ALG,,51.56,4,52.5,1,R,N,N,246575,6,0,,C
20140304,9:31:14.062,N,ALG,,51.49,1,52.5,1,R,N,N,246576,6,0,,C
20140304,9:31:14.065,N,ALG,,51.58,4,52.5,1,R,N,N,246579,6,0,,C
20140304,9:31:14.067,N,ALG,,51.49,1,52.5,1,R,N,N,246594,6,0,,C
20140304,9:31:14.070,N,ALG,,51.51,4,52.5,1,R,N,N,246601,6,0,,C
20140304,9:31:14.073,N,ALG,,51.49,1,52.5,1,R,N,N,246605,6,0,,C
20140304,9:31:14.076,N,ALG,,51.53,4,52.5,1,R,N,N,246616,6,0,,C
20140304,9:31:14.079,N,ALG,,51.49,1,52.5,1,R,N,N,246645,6,0,,C
20140304,9:31:14.082,N,ALG,,51.55,4,52.5,1,R,N,N,246646,6,0,,C
20140304,9:31:14.085,N,ALG,,51.49,1,52.5,1,R,N,N,246655,6,0,,C
20140304,9:31:14.088,N,ALG,,51.57,4,52.5,1,R,N,N,246660,6,0,,C
20140304,9:31:14.091,N,ALG,,51.49,1,52.5,1,R,N,N,246661,6,0,,C
20140304,9:31:14.094,N,ALG,,51.59,4,52.5,1,R,N,N,246664,6,0,,C
20140304,9:31:14.096,W,ALG,,0,0,53.1,1,R,W,W,246666,0,0,,C
20140304,9:31:14.096,W,ALG,,50.46,1,53.1,1,R,W,W,246667,0,0,,C
20140304,9:31:14.097,N,ALG,,51.49,1,52.5,1,R,N,N,246668,6,0,,C
20140304,9:31:14.097,N,ALG,,51.48,1,52.5,1,R,N,N,246669,6,0,,C
20140304,9:31:14.100,N,ALG,,51.61,4,52.5,1,R,N,N,246689,6,0,,C
20140304,9:31:14.102,N,ALG,,51.48,1,52.5,1,R,N,N,246713,6,0,,C
20140304,9:31:14.105,N,ALG,,51.63,4,52.5,1,R,N,N,246717,6,0,,C
20140304,9:31:14.108,N,ALG,,51.48,1,52.5,1,R,N,N,246720,6,0,,C
20140304,9:31:14.111,N,ALG,,51.65,4,52.5,1,R,N,N,246723,6,0,,C
20140304,9:31:14.114,N,ALG,,51.48,1,52.5,1,R,N,N,246724,6,0,,C
20140304,9:31:14.117,N,ALG,,51.67,4,52.5,1,R,N,N,246725,6,0,,C
20140304,9:31:14.119,N,ALG,,51.48,1,52.5,1,R,N,N,246726,6,0,,C
20140304,9:31:14.122,N,ALG,,51.5,4,52.5,1,R,N,N,246728,6,0,,C
20140304,9:31:14.125,N,ALG,,51.48,1,52.5,1,R,N,N,246729,6,0,,C
20140304,9:31:14.128,N,ALG,,51.52,4,52.5,1,R,N,N,246732,6,0,,C
20140304,9:31:14.131,N,ALG,,51.48,1,52.5,1,R,N,N,246734,6,0,,C
20140304,9:31:14.134,N,ALG,,51.54,4,52.5,1,R,N,N,246735,6,0,,C
20140304,9:31:14.137,N,ALG,,51.48,1,52.5,1,R,N,N,246739,6,0,,C
20140304,9:31:14.139,N,ALG,,51.56,4,52.5,1,R,N,N,246744,6,0,,C
20140304,9:31:14.142,N,ALG,,51.48,1,52.5,1,R,N,N,246750,6,0,,C
20140304,9:31:14.145,N,ALG,,51.58,4,52.5,1,R,N,N,246751,6,0,,C
20140304,9:31:14.146,P,ALG,,51.18,1,55.09,1,R,P,P,246752,6,0,,C
20140304,9:31:14.148,N,ALG,,51.48,1,52.5,1,R,N,N,246753,6,0,,C
20140304,9:31:14.148,N,ALG,,51.48,1,52.21,4,R,N,N,246754,1,0,,C
20140304,9:31:14.151,N,ALG,,51.6,4,52.21,4,R,N,N,246755,1,0,,C
20140304,9:31:14.151,N,ALG,,51.6,4,52.5,1,R,N,N,246757,6,0,,C
20140304,9:31:14.153,N,ALG,,51.48,1,52.5,1,R,N,N,246758,6,0,,C
20140304,9:31:14.154,N,ALG,,51.48,1,52.19,4,R,N,N,246759,1,0,,C
20140304,9:31:14.156,N,ALG,,51.62,4,52.19,4,R,N,N,246760,1,0,,C
20140304,9:31:14.157,W,ALG,,0,0,53.1,1,R,W,W,246761,0,0,,C
20140304,9:31:14.157,W,ALG,,0,0,0,0,R,W,W,246762,0,0,,C
20140304,9:31:14.157,W,ALG,,0,0,53.27,1,R,W,W,246763,0,0,,C
20140304,9:31:14.157,W,ALG,,50.57,1,53.27,1,R,W,W,246764,0,0,,C
20140304,9:31:14.157,N,ALG,,51.62,4,52.5,1,R,N,N,246765,6,0,,C
20140304,9:31:14.159,N,ALG,,51.48,1,52.5,1,R,N,N,246766,6,0,,C
20140304,9:31:14.160,N,ALG,,51.48,1,52.17,4,R,N,N,246767,1,0,,C
20140304,9:31:14.162,N,ALG,,51.64,4,52.17,4,R,N,N,246774,1,0,,C
20140304,9:31:14.163,N,ALG,,51.64,4,52.5,1,R,N,N,246778,6,0,,C
20140304,9:31:14.164,N,ALG,,51.48,1,52.5,1,R,N,N,246779,6,0,,C
20140304,9:31:14.166,N,ALG,,51.48,1,52.15,4,R,N,N,246780,1,0,,C
20140304,9:31:14.167,N,ALG,,51.66,4,52.15,4,R,N,N,246782,1,0,,C
20140304,9:31:14.168,N,ALG,,51.66,4,52.5,1,R,N,N,246783,6,0,,C
20140304,9:31:14.170,N,ALG,,51.48,1,52.5,1,R,N,N,246784,6,0,,C
20140304,9:31:14.171,N,ALG,,51.48,1,52.13,4,R,N,N,246786,1,0,,C
20140304,9:31:14.173,N,ALG,,51.68,4,52.13,4,R,N,N,246787,1,0,,C
20140304,9:31:14.174,N,ALG,,51.68,4,52.5,1,R,N,N,246789,6,0,,C
20140304,9:31:14.176,N,ALG,,51.48,1,52.5,1,R,N,N,246795,6,0,,C
20140304,9:31:14.176,N,ALG,,51.48,1,52.49,1,R,N,N,246800,0,0,,C
20140304,9:31:14.177,N,ALG,,51.48,1,52.21,4,R,N,N,246801,1,0,,C
20140304,9:31:14.179,N,ALG,,51.5,4,52.21,4,R,N,N,246803,1,0,,C
20140304,9:31:14.180,N,ALG,,51.5,4,52.49,1,R,N,N,246804,6,0,,C
20140304,9:31:14.182,N,ALG,,51.48,1,52.49,1,R,N,N,246805,6,0,,C
20140304,9:31:14.183,N,ALG,,51.48,1,52.19,4,R,N,N,246806,1,0,,C
20140304,9:31:14.185,N,ALG,,51.52,4,52.19,4,R,N,N,246808,1,0,,C
20140304,9:31:14.186,N,ALG,,51.52,4,52.49,1,R,N,N,246812,6,0,,C
20140304,9:31:14.187,N,ALG,,51.48,1,52.49,1,R,N,N,246813,6,0,,C
20140304,9:31:14.189,N,ALG,,51.48,1,52.17,4,R,N,N,246814,1,0,,C
20140304,9:31:14.190,N,ALG,,51.54,4,52.17,4,R,N,N,246815,1,0,,C
20140304,9:31:14.191,N,ALG,,51.54,4,52.49,1,R,N,N,246816,6,0,,C
20140304,9:31:14.193,N,ALG,,51.48,1,52.49,1,R,N,N,246817,6,0,,C
20140304,9:31:14.194,N,ALG,,51.48,1,52.21,4,R,N,N,246818,1,0,,C
20140304,9:31:14.196,N,ALG,,51.56,4,52.21,4,R,N,N,246824,1,0,,C
20140304,9:31:14.197,N,ALG,,51.56,4,52.49,1,R,N,N,246827,6,0,,C
20140304,9:31:14.198,N,ALG,,51.48,1,52.49,1,R,N,N,246828,6,0,,C
20140304,9:31:14.200,N,ALG,,51.48,1,52.19,4,R,N,N,246830,1,0,,C
20140304,9:31:14.201,N,ALG,,51.58,4,52.19,4,R,N,N,246831,1,0,,C
20140304,9:31:14.203,N,ALG,,51.58,4,52.49,1,R,N,N,246843,6,0,,C
20140304,9:31:14.204,N,ALG,,51.48,1,52.49,1,R,N,N,246845,6,0,,C
20140304,9:31:14.205,N,ALG,,51.48,1,52.49,1,R,N,N,246847,0,0,A,C
20140304,9:31:14.206,N,ALG,,51.48,1,52.49,1,R,N,N,246848,0,0,,C
20140304,9:31:14.206,N,ALG,,51.48,1,52.17,4,R,N,N,246850,1,0,,C
20140304,9:31:14.207,N,ALG,,51.5,4,52.17,4,R,N,N,246851,1,0,,C
20140304,9:31:14.207,W,ALG,,0,0,53.27,1,R,W,W,246852,0,0,,C
20140304,9:31:14.207,W,ALG,,0,0,0,0,R,W,W,246853,0,0,,C
20140304,9:31:14.208,W,ALG,,50.55,1,0,0,R,W,W,246854,0,0,,C
20140304,9:31:14.208,W,ALG,,50.55,1,53.23,1,R,W,W,246855,0,0,,C
20140304,9:31:14.209,N,ALG,,51.5,4,52.49,1,R,N,N,246858,6,0,,C
20140304,9:31:14.210,N,ALG,,51.48,1,52.49,1,R,N,N,246862,6,0,,C
20140304,9:31:14.212,N,ALG,,51.48,1,52.15,4,R,N,N,246863,1,0,,C
20140304,9:31:14.213,N,ALG,,51.52,4,52.15,4,R,N,N,246864,1,0,,C
20140304,9:31:14.214,N,ALG,,51.52,4,52.49,1,R,N,N,246865,6,0,,C
20140304,9:31:14.215,N,ALG,,51.52,4,52.49,1,R,N,N,246866,0,0,A,C
20140304,9:31:14.216,N,ALG,,51.52,4,52.49,1,R,N,N,246867,0,0,,C
20140304,9:31:14.216,N,ALG,,51.52,4,52.5,1,R,N,N,246868,0,0,,C
20140304,9:31:14.216,N,ALG,,51.48,1,52.5,1,R,N,N,246869,6,0,,C
20140304,9:31:14.217,N,ALG,,51.48,1,52.13,4,R,N,N,246871,1,0,,C
20140304,9:31:14.219,N,ALG,,51.54,4,52.13,4,R,N,N,246874,1,0,,C
20140304,9:31:14.219,N,ALG,,51.54,4,52.13,4,R,N,N,246875,0,0,A,C
20140304,9:31:14.220,N,ALG,,51.54,4,52.13,4,R,N,N,246876,0,0,,C
20140304,9:31:14.220,N,ALG,,51.54,4,52.5,1,R,N,N,246877,6,0,,C
20140304,9:31:14.222,N,ALG,,51.48,1,52.5,1,R,N,N,246878,6,0,,C
20140304,9:31:14.223,N,ALG,,51.48,1,52.21,4,R,N,N,246879,1,0,,C
20140304,9:31:14.225,N,ALG,,51.56,4,52.21,4,R,N,N,246880,1,0,,C
20140304,9:31:14.226,N,ALG,,51.56,4,52.5,1,R,N,N,246884,6,0,,C
20140304,9:31:14.226,N,ALG,,51.56,4,52.2,1,R,N,N,246886,1,0,,C
20140304,9:31:14.227,N,ALG,,51.48,1,52.2,1,R,N,N,246890,1,0,,C
20140304,9:31:14.227,N,ALG,,51.48,1,52.2,1,R,N,N,246891,0,0,A,C
20140304,9:31:14.228,N,ALG,,51.48,1,52.2,1,R,N,N,246892,0,0,A,C
20140304,9:31:14.229,N,ALG,,51.48,1,52.2,1,R,N,N,246893,0,0,A,C
20140304,9:31:14.229,N,ALG,,51.48,1,52.2,1,R,N,N,246894,0,0,,C
20140304,9:31:14.229,N,ALG,,51.48,1,52.19,4,R,N,N,246895,1,0,,C
20140304,9:31:14.230,N,ALG,,51.58,4,52.19,4,R,N,N,246896,1,0,,C
20140304,9:31:14.232,N,ALG,,51.58,4,52.2,1,R,N,N,246897,1,0,,C
20140304,9:31:14.233,N,ALG,,51.48,1,52.2,1,R,N,N,246898,1,0,,C
20140304,9:31:14.234,N,ALG,,51.48,1,52.17,4,R,N,N,246899,1,0,,C
20140304,9:31:14.236,N,ALG,,51.6,4,52.17,4,R,N,N,246900,1,0,,C
20140304,9:31:14.237,N,ALG,,51.6,4,52.2,1,R,N,N,246904,1,0,,C
20140304,9:31:14.238,N,ALG,,51.48,1,52.2,1,R,N,N,246905,1,0,,C
20140304,9:31:14.240,N,ALG,,51.48,1,52.15,4,R,N,N,246912,1,0,,C
20140304,9:31:14.241,N,ALG,,51.62,4,52.15,4,R,N,N,246926,1,0,,C
20140304,9:31:14.243,N,ALG,,51.62,4,52.2,1,R,N,N,246929,1,0,,C
20140304,9:31:14.244,N,ALG,,51.48,1,52.2,1,R,N,N,246932,1,0,,C
20140304,9:31:14.246,N,ALG,,51.48,1,52.13,4,R,N,N,246935,1,0,,C
20140304,9:31:14.247,N,ALG,,51.64,4,52.13,4,R,N,N,246936,1,0,,C
20140304,9:31:14.248,N,ALG,,51.64,4,52.2,1,R,N,N,246937,1,0,,C
20140304,9:31:14.250,N,ALG,,51.48,1,52.2,1,R,N,N,246938,1,0,,C
20140304,9:31:14.251,N,ALG,,51.48,1,52.18,4,R,N,N,246939,1,0,,C
20140304,9:31:14.252,N,ALG,,51.66,4,52.18,4,R,N,N,246940,1,0,,C
20140304,9:31:14.254,N,ALG,,51.66,4,52.2,1,R,N,N,246941,1,0,,C
20140304,9:31:14.255,N,ALG,,51.48,1,52.2,1,R,N,N,246942,1,0,,C
20140304,9:31:14.257,N,ALG,,51.48,1,52.16,4,R,N,N,246943,1,0,,C
20140304,9:31:14.258,N,ALG,,51.68,4,52.16,4,R,N,N,246944,1,0,,C
20140304,9:31:14.260,N,ALG,,51.68,4,52.2,1,R,N,N,246945,1,0,,C
20140304,9:31:14.261,N,ALG,,51.48,1,52.2,1,R,N,N,246946,1,0,,C
20140304,9:31:14.263,N,ALG,,51.48,1,52.18,4,R,N,N,246947,1,0,,C
20140304,9:31:14.264,N,ALG,,51.7,4,52.18,4,R,N,N,246948,1,0,,C
20140304,9:31:14.266,N,ALG,,51.7,4,52.2,1,R,N,N,246950,1,0,,C
20140304,9:31:14.266,N,ALG,,51.48,1,52.2,1,R,N,N,246951,1,0,,C
20140304,9:31:14.267,N,ALG,,51.48,1,52.5,1,R,N,N,246952,6,0,,C
20140304,9:31:14.269,N,ALG,,51.48,1,52.16,4,R,N,N,246955,1,0,,C
20140304,9:31:14.269,N,ALG,,51.72,4,52.16,4,R,N,N,246956,1,0,,C
20140304,9:31:14.272,N,ALG,,51.72,4,52.5,1,R,N,N,246978,6,0,,C
20140304,9:31:14.272,N,ALG,,51.48,1,52.5,1,R,N,N,246979,6,0,,C
20140304,9:31:14.275,N,ALG,,51.48,1,52.14,4,R,N,N,246981,1,0,,C
20140304,9:31:14.275,N,ALG,,51.74,4,52.14,4,R,N,N,246982,1,0,,C
20140304,9:31:14.276,W,ALG,,0,0,53.23,1,R,W,W,246984,0,0,,C
20140304,9:31:14.277,W,ALG,,0,0,0,0,R,W,W,246985,0,0,,C
20140304,9:31:14.277,W,ALG,,50.45,1,0,0,R,W,W,246986,0,0,,C
20140304,9:31:14.277,W,ALG,,50.45,1,53.27,1,R,W,W,246990,0,0,,C
20140304,9:31:14.277,N,ALG,,51.74,4,52.5,1,R,N,N,246992,6,0,,C
20140304,9:31:14.278,N,ALG,,51.48,1,52.5,1,R,N,N,246993,6,0,,C
20140304,9:31:14.280,N,ALG,,51.48,1,52.12,4,R,N,N,246997,1,0,,C
20140304,9:31:14.281,N,ALG,,51.76,4,52.12,4,R,N,N,247000,1,0,,C
20140304,9:31:14.283,N,ALG,,51.76,4,52.5,1,R,N,N,247003,6,0,,C
20140304,9:31:14.283,N,ALG,,51.48,1,52.5,1,R,N,N,247004,6,0,,C
20140304,9:31:14.286,N,ALG,,51.78,4,52.5,1,R,N,N,247005,6,0,,C
20140304,9:31:14.286,N,ALG,,51.78,4,52.21,4,R,N,N,247006,1,0,,C
20140304,9:31:14.289,N,ALG,,51.48,1,52.21,4,R,N,N,247007,1,0,,C
20140304,9:31:14.289,N,ALG,,51.48,1,52.5,1,R,N,N,247008,6,0,,C
20140304,9:31:14.292,N,ALG,,51.8,4,52.5,1,R,N,N,247009,6,0,,C
20140304,9:31:14.292,N,ALG,,51.8,4,52.19,4,R,N,N,247011,1,0,,C
20140304,9:31:14.294,N,ALG,,51.48,1,52.19,4,R,N,N,247012,1,0,,C
20140304,9:31:14.295,N,ALG,,51.48,1,52.5,1,R,N,N,247013,6,0,,C
20140304,9:31:14.297,N,ALG,,51.82,4,52.5,1,R,N,N,247014,6,0,,C
20140304,9:31:14.298,N,ALG,,51.82,4,52.17,4,R,N,N,247015,1,0,,C
20140304,9:31:14.300,N,ALG,,51.82,4,52.16,1,R,N,N,247016,1,0,,C
20140304,9:31:14.300,N,ALG,,51.48,1,52.16,1,R,N,N,247017,1,0,,C
20140304,9:31:14.303,N,ALG,,51.5,4,52.16,1,R,N,N,247019,1,0,,C
20140304,9:31:14.304,N,ALG,,51.5,4,52.14,4,R,N,N,247020,1,0,,C
20140304,9:31:14.306,N,ALG,,51.48,1,52.14,4,R,N,N,247022,1,0,,C
20140304,9:31:14.307,N,ALG,,51.48,1,52.16,1,R,N,N,247023,1,0,,C
20140304,9:31:14.308,N,ALG,,51.48,1,52.5,1,R,N,N,247024,6,0,,C
20140304,9:31:14.310,N,ALG,,51.52,4,52.5,1,R,N,N,247025,6,0,,C
20140304,9:31:14.310,N,ALG,,51.52,4,52.12,4,R,N,N,247026,1,0,,C
20140304,9:31:14.312,N,ALG,,51.48,1,52.12,4,R,N,N,247027,1,0,,C
20140304,9:31:14.312,N,ALG,,51.48,1,52.5,1,R,N,N,247028,6,0,,C
20140304,9:31:14.315,N,ALG,,51.5,4,52.5,1,R,N,N,247029,6,0,,C
20140304,9:31:14.315,N,ALG,,51.5,4,52.21,4,R,N,N,247030,1,0,,C
20140304,9:31:14.318,N,ALG,,51.48,1,52.21,4,R,N,N,247032,1,0,,C
20140304,9:31:14.318,N,ALG,,51.48,1,52.5,1,R,N,N,247033,6,0,,C
20140304,9:31:14.321,N,ALG,,51.52,4,52.5,1,R,N,N,247034,6,0,,C
20140304,9:31:14.321,N,ALG,,51.52,4,52.19,4,R,N,N,247035,1,0,,C
20140304,9:31:14.323,N,ALG,,51.48,1,52.19,4,R,N,N,247037,1,0,,C
20140304,9:31:14.324,N,ALG,,51.48,1,52.5,1,R,N,N,247038,6,0,,C
20140304,9:31:14.326,N,ALG,,51.54,4,52.5,1,R,N,N,247041,6,0,,C
20140304,9:31:14.327,N,ALG,,51.54,4,52.17,4,R,N,N,247043,1,0,,C
20140304,9:31:14.327,W,ALG,,0,0,53.27,1,R,W,W,247045,0,0,,C
20140304,9:31:14.327,W,ALG,,0,0,0,0,R,W,W,247046,0,0,,C
20140304,9:31:14.327,W,ALG,,50.49,1,0,0,R,W,W,247047,0,0,,C
20140304,9:31:14.327,W,ALG,,50.49,1,53.23,1,R,W,W,247048,0,0,,C
20140304,9:31:14.329,N,ALG,,51.48,1,52.17,4,R,N,N,247049,1,0,,C
20140304,9:31:14.329,N,ALG,,51.48,1,52.5,1,R,N,N,247050,6,0,,C
20140304,9:31:14.332,N,ALG,,51.5,4,52.5,1,R,N,N,247051,6,0,,C
20140304,9:31:14.332,N,ALG,,51.5,4,52.15,4,R,N,N,247052,1,0,,C
20140304,9:31:14.335,N,ALG,,51.48,1,52.15,4,R,N,N,247054,1,0,,C
20140304,9:31:14.335,N,ALG,,51.48,1,52.5,1,R,N,N,247055,6,0,,C
20140304,9:31:14.338,N,ALG,,51.52,4,52.5,1,R,N,N,247056,6,0,,C
20140304,9:31:14.338,N,ALG,,51.52,4,52.13,4,R,N,N,247057,1,0,,C
20140304,9:31:14.341,N,ALG,,51.48,1,52.13,4,R,N,N,247059,1,0,,C
20140304,9:31:14.341,N,ALG,,51.48,1,52.5,1,R,N,N,247060,6,0,,C
20140304,9:31:14.342,N,ALG,,51.48,1,52.12,1,R,N,N,247062,1,0,,C
20140304,9:31:14.344,N,ALG,,51.5,4,52.12,1,R,N,N,247086,1,0,,C
20140304,9:31:14.347,N,ALG,,51.48,1,52.12,1,R,N,N,247092,1,0,,C
20140304,9:31:14.348,N,ALG,,51.51,1,52.12,1,R,N,N,247093,1,0,,C
20140304,9:31:14.357,N,ALG,,51.53,4,52.12,1,R,N,N,247098,1,0,,C
20140304,9:31:14.360,N,ALG,,51.51,1,52.12,1,R,N,N,247100,1,0,,C
20140304,9:31:14.363,N,ALG,,51.55,4,52.12,1,R,N,N,247101,1,0,,C
20140304,9:31:14.365,N,ALG,,51.51,1,52.12,1,R,N,N,247103,1,0,,C
20140304,9:31:14.367,W,ALG,,0,0,53.23,1,R,W,W,247107,0,0,,C
20140304,9:31:14.367,W,ALG,,0,0,0,0,R,W,W,247109,0,0,,C
20140304,9:31:14.367,W,ALG,,50.52,1,0,0,R,W,W,247110,0,0,,C
20140304,9:31:14.368,W,ALG,,50.52,1,53.16,1,R,W,W,247111,0,0,,C
20140304,9:31:14.368,N,ALG,,51.57,4,52.12,1,R,N,N,247112,1,0,,C
20140304,9:31:14.371,N,ALG,,51.51,1,52.12,1,R,N,N,247114,1,0,,C
20140304,9:31:14.374,N,ALG,,51.59,4,52.12,1,R,N,N,247116,1,0,,C
20140304,9:31:14.377,N,ALG,,51.51,1,52.12,1,R,N,N,247117,1,0,,C
20140304,9:31:14.378,N,ALG,,51.48,1,52.12,1,R,N,N,247120,1,0,,C
20140304,9:31:14.380,N,ALG,,51.53,4,52.12,1,R,N,N,247132,1,0,,C
20140304,9:31:14.383,N,ALG,,51.48,1,52.12,1,R,N,N,247135,1,0,,C
20140304,9:31:14.385,N,ALG,,51.49,1,52.12,1,R,N,N,247137,1,0,,C
20140304,9:31:14.386,N,ALG,,51.55,4,52.12,1,R,N,N,247138,1,0,,C
20140304,9:31:14.389,N,ALG,,51.49,1,52.12,1,R,N,N,247141,1,0,,C
20140304,9:31:14.392,N,ALG,,51.57,4,52.12,1,R,N,N,247142,1,0,,C
20140304,9:31:14.394,N,ALG,,51.49,1,52.12,1,R,N,N,247143,1,0,,C
20140304,9:31:14.397,N,ALG,,51.59,4,52.12,1,R,N,N,247144,1,0,,C
20140304,9:31:14.400,N,ALG,,51.49,1,52.12,1,R,N,N,247146,1,0,,C
20140304,9:31:14.403,N,ALG,,51.51,4,52.12,1,R,N,N,247155,1,0,,C
20140304,9:31:14.406,N,ALG,,51.49,1,52.12,1,R,N,N,247157,1,0,,C
20140304,9:31:14.406,W,ALG,,0,0,53.16,1,R,W,W,247158,0,0,,C
20140304,9:31:14.407,W,ALG,,50.48,1,53.16,1,R,W,W,247159,0,0,,C
20140304,9:31:14.409,N,ALG,,51.53,4,52.12,1,R,N,N,247160,1,0,,C
20140304,9:31:14.411,N,ALG,,51.49,1,52.12,1,R,N,N,247161,1,0,,C
20140304,9:31:14.414,N,ALG,,51.51,4,52.12,1,R,N,N,247163,1,0,,C
20140304,9:31:14.417,N,ALG,,51.48,1,52.12,1,R,N,N,247164,1,0,,C
20140304,9:31:14.420,N,ALG,,51.53,4,52.12,1,R,N,N,247166,1,0,,C
20140304,9:31:14.423,N,ALG,,51.48,1,52.12,1,R,N,N,247167,1,0,,C
20140304,9:31:14.426,N,ALG,,51.5,4,52.12,1,R,N,N,247169,1,0,,C
20140304,9:31:14.429,N,ALG,,51.48,1,52.12,1,R,N,N,247179,1,0,,C
20140304,9:31:14.432,N,ALG,,51.5,4,52.12,1,R,N,N,247180,1,0,,C
20140304,9:31:14.435,N,ALG,,51.48,1,52.12,1,R,N,N,247181,1,0,,C
20140304,9:31:14.438,N,ALG,,51.52,4,52.12,1,R,N,N,247185,1,0,,C
20140304,9:31:14.440,N,ALG,,51.48,1,52.12,1,R,N,N,247186,1,0,,C
20140304,9:31:14.443,N,ALG,,51.54,4,52.12,1,R,N,N,247187,1,0,,C
20140304,9:31:14.446,N,ALG,,51.48,1,52.12,1,R,N,N,247190,1,0,,C
20140304,9:31:14.449,N,ALG,,51.56,4,52.12,1,R,N,N,247198,1,0,,C
20140304,9:31:14.451,N,ALG,,51.48,1,52.12,1,R,N,N,247199,1,0,,C
20140304,9:31:14.454,N,ALG,,51.58,4,52.12,1,R,N,N,247200,1,0,,C
20140304,9:31:14.457,N,ALG,,51.48,1,52.12,1,R,N,N,247201,1,0,,C
20140304,9:31:14.460,N,ALG,,51.6,4,52.12,1,R,N,N,247202,1,0,,C
20140304,9:31:14.463,N,ALG,,51.48,1,52.12,1,R,N,N,247203,1,0,,C
20140304,9:31:14.466,N,ALG,,51.62,4,52.12,1,R,N,N,247204,1,0,,C
20140304,9:31:14.468,N,ALG,,51.48,1,52.12,1,R,N,N,247206,1,0,,C
20140304,9:31:14.471,N,ALG,,51.64,4,52.12,1,R,N,N,247208,1,0,,C
20140304,9:31:14.474,N,ALG,,51.48,1,52.12,1,R,N,N,247209,1,0,,C
20140304,9:31:14.476,W,ALG,,0,0,53.16,1,R,W,W,247210,0,0,,C
20140304,9:31:14.477,N,ALG,,51.66,4,52.12,1,R,N,N,247211,1,0,,C
20140304,9:31:14.477,W,ALG,,50.61,1,53.16,1,R,W,W,247212,0,0,,C
20140304,9:31:14.480,N,ALG,,51.48,1,52.12,1,R,N,N,247216,1,0,,C
20140304,9:31:14.483,N,ALG,,51.68,4,52.12,1,R,N,N,247218,1,0,,C
20140304,9:31:14.485,N,ALG,,51.48,1,52.12,1,R,N,N,247219,1,0,,C
20140304,9:31:14.488,N,ALG,,51.5,4,52.12,1,R,N,N,247220,1,0,,C
20140304,9:31:14.491,N,ALG,,51.48,1,52.12,1,R,N,N,247221,1,0,,C
20140304,9:31:14.494,N,ALG,,51.52,4,52.12,1,R,N,N,247227,1,0,,C
20140304,9:31:14.497,W,ALG,,0,0,53.16,1,R,W,W,247228,0,0,,C
20140304,9:31:14.497,W,ALG,,50.45,1,53.16,1,R,W,W,247229,0,0,,C
20140304,9:31:14.497,N,ALG,,51.48,1,52.12,1,R,N,N,247230,1,0,,C
20140304,9:31:14.500,N,ALG,,51.54,4,52.12,1,R,N,N,247231,1,0,,C
20140304,9:31:14.502,N,ALG,,51.48,1,52.12,1,R,N,N,247233,1,0,,C
20140304,9:31:14.505,N,ALG,,51.56,4,52.12,1,R,N,N,247235,1,0,,C
20140304,9:31:14.508,N,ALG,,51.48,1,52.12,1,R,N,N,247236,1,0,,C
20140304,9:31:14.511,N,ALG,,51.58,4,52.12,1,R,N,N,247237,1,0,,C
20140304,9:31:14.514,N,ALG,,51.48,1,52.12,1,R,N,N,247238,1,0,,C
20140304,9:31:14.516,N,ALG,,51.6,4,52.12,1,R,N,N,247239,1,0,,C
20140304,9:31:14.519,N,ALG,,51.48,1,52.12,1,R,N,N,247240,1,0,,C
20140304,9:31:14.522,N,ALG,,51.62,4,52.12,1,R,N,N,247241,1,0,,C
20140304,9:31:14.525,N,ALG,,51.48,1,52.12,1,R,N,N,247243,1,0,,C
20140304,9:31:14.528,N,ALG,,51.5,4,52.12,1,R,N,N,247245,1,0,,C
20140304,9:31:14.531,N,ALG,,51.48,1,52.12,1,R,N,N,247246,1,0,,C
20140304,9:31:14.534,N,ALG,,51.52,4,52.12,1,R,N,N,247247,1,0,,C
20140304,9:31:14.537,N,ALG,,51.48,1,52.12,1,R,N,N,247248,1,0,,C
20140304,9:31:14.540,N,ALG,,51.5,4,52.12,1,R,N,N,247249,1,0,,C
20140304,9:31:14.543,N,ALG,,51.48,1,52.12,1,R,N,N,247250,1,0,,C
20140304,9:31:14.543,N,ALG,,51.51,1,52.12,1,R,N,N,247251,1,0,,C
20140304,9:31:14.552,N,ALG,,51.53,4,52.12,1,R,N,N,247254,1,0,,C
20140304,9:31:14.555,N,ALG,,51.51,1,52.12,1,R,N,N,247255,1,0,,C
20140304,9:31:14.558,N,ALG,,51.55,4,52.12,1,R,N,N,247261,1,0,,C
20140304,9:31:14.560,N,ALG,,51.51,1,52.12,1,R,N,N,247262,1,0,,C
20140304,9:31:14.563,N,ALG,,51.57,4,52.12,1,R,N,N,247263,1,0,,C
20140304,9:31:14.566,N,ALG,,51.51,1,52.12,1,R,N,N,247264,1,0,,C
20140304,9:31:14.586,W,ALG,,0,0,53.16,1,R,W,W,247272,0,0,,C
20140304,9:31:14.587,W,ALG,,50.48,1,53.16,1,R,W,W,247273,0,0,,C
20140304,9:31:14.607,K,ALG,,51.01,2,52.23,2,R,K,K,247276,0,0,,C
20140304,9:31:15.215,N,ALG,,51.51,1,52.12,1,R,N,N,248686,0,0,A,C
20140304,9:31:15.236,T,ALG,,51.2,1,55.09,1,R,T,T,248826,0,0,,C
20140304,9:31:15.236,T,ALG,,51.2,1,52.6,1,R,T,T,248827,0,0,,C
20140304,9:31:15.236,Z,ALG,,51.2,1,52.6,1,R,Z,Z,248831,0,0,,C
20140304,9:31:18.026,P,ALG,,49.95,1,55.09,1,R,P,P,252469,0,0,,C
20140304,9:31:18.036,Y,ALG,,50.45,2,53.17,1,R,Y,Y,252496,0,0,A,C
20140304,9:31:20.256,N,ALG,,51.5,1,52.12,1,R,N,N,256360,1,0,A,C
20140304,9:31:20.257,Y,ALG,,50.45,2,53.17,1,R,Y,Y,256361,0,0,,C
20140304,9:31:20.257,N,ALG,,51.5,1,52.12,1,R,N,N,256362,0,0,,C
20140304,9:31:20.259,N,ALG,,51.5,1,52.12,1,R,N,N,256385,0,0,A,C
20140304,9:31:21.281,N,ALG,,51.51,1,52.12,1,R,N,N,257263,1,0,A,C
20140304,9:31:21.282,N,ALG,,51.51,1,52.12,1,R,N,N,257264,0,0,,C
20140304,9:31:21.284,N,ALG,,51.51,1,52.12,1,R,N,N,257265,0,0,A,C
20140304,9:31:22.688,Y,ALG,,50.45,2,53.17,1,R,Y,Y,258726,0,0,A,C
20140304,9:31:24.203,K,ALG,,51.01,2,52.12,1,R,K,K,260965,0,0,,C
20140304,9:31:28.684,N,ALG,,51.51,1,52.12,1,R,N,N,269528,6,0,A,C
20140304,9:31:29.533,P,ALG,,51.51,1,55.09,1,R,P,P,270878,0,0,,C
20140304,9:31:41.202,T,ALG,,51.51,1,52.6,1,R,T,T,286750,0,0,,C
20140304,9:31:50.207,K,ALG,,48.07,1,52.12,1,R,K,K,296653,6,0,,C
20140304,9:31:50.217,K,ALG,,51.21,2,52.12,1,R,K,K,296657,0,0,,C
20140304,9:31:52.241,N,ALG,,51.51,2,52.12,1,R,N,N,298432,6,0,A,C
20140304,9:32:00.562,N,ALG,,51.52,2,52.12,1,R,N,N,312266,6,0,A,C
20140304,9:32:00.563,N,ALG,,51.52,2,52.12,1,R,N,N,312267,0,0,A,C
20140304,9:32:00.564,K,ALG,,51.52,1,52.12,1,R,K,K,312268,6,0,,C
20140304,9:32:00.566,N,ALG,,51.52,2,52.12,1,R,N,N,312272,6,0,A,C
20140304,9:32:00.602,N,ALG,,51.53,1,52.12,1,R,N,N,312292,6,0,A,C
20140304,9:32:00.603,T,ALG,,51.2,1,52.6,1,R,T,T,312294,0,0,,C
20140304,9:32:00.656,P,ALG,,51.52,1,55.09,1,R,P,P,312446,0,0,,C
20140304,9:32:00.658,Y,ALG,,50.45,2,53.17,1,R,Y,Y,312453,0,0,,C
20140304,9:32:00.799,Y,ALG,,50.45,2,53.17,1,R,Y,Y,312853,0,0,A,C
20140304,9:32:01.262,K,ALG,,51.52,1,52.17,1,R,K,K,314255,6,0,,C
20140304,9:32:01.328,D,ALG,,46,1,0,0,R,D,D,314343,0,1,A,C
20140304,9:32:08.720,W,ALG,,51.01,1,53.16,1,R,W,W,324574,0,0,,C
20140304,9:32:11.009,W,ALG,,50.83,1,53.16,1,R,W,W,328576,0,0,,C
20140304,9:32:13.789,N,ALG,,51.53,3,52.12,1,R,N,N,331840,1,0,A,C
20140304,9:32:13.789,N,ALG,,51.53,3,52.12,2,R,N,N,331841,1,0,A,C
20140304,9:32:13.793,W,ALG,,50.84,1,53.16,1,R,W,W,331851,0,0,,C
20140304,9:32:13.941,T,ALG,,51.2,1,52.4,1,R,T,T,332114,0,0,,C
20140304,9:32:13.942,Z,ALG,,51.2,1,52.4,1,R,Z,Z,332115,0,0,,C
20140304,9:32:16.534,P,ALG,,51.53,1,55.09,1,R,P,P,334372,0,0,,C
20140304,9:32:24.358,P,ALG,,51.53,2,55.09,1,R,P,P,343273,0,0,,C
20140304,9:32:24.724,P,ALG,,51.53,2,54.52,1,R,P,P,343602,0,0,,C
20140304,9:32:31.200,N,ALG,,51.53,4,52.12,2,R,N,N,351461,1,0,A,C
20140304,9:32:36.678,N,ALG,,51.53,3,52.12,2,R,N,N,358748,1,0,A,C
20140304,9:32:36.678,N,ALG,,51.53,2,52.12,2,R,N,N,358749,6,0,A,C
20140304,9:32:36.679,N,ALG,,51.53,1,52.12,2,R,N,N,358750,0,0,A,C
20140304,9:32:36.679,N,ALG,,51.53,1,52.12,2,R,N,N,358751,0,0,A,C
20140304,9:32:36.680,P,ALG,,51.53,1,54.52,1,R,P,P,358752,6,0,,C
20140304,9:32:36.708,N,ALG,,51.53,1,52.12,1,R,N,N,358775,6,0,A,C
20140304,9:32:36.709,T,ALG,,51.2,1,52.96,1,R,T,T,358780,0,0,,C
20140304,9:32:36.710,Z,ALG,,51.2,1,52.71,1,R,Z,Z,358781,0,0,,C
20140304,9:32:36.715,N,ALG,,51.54,1,52.12,1,R,N,N,358788,1,0,A,C
20140304,9:32:36.716,P,ALG,,51.54,1,54.52,1,R,P,P,358789,0,0,,C
20140304,9:32:36.716,N,ALG,,51.54,3,52.5,1,R,N,N,358790,6,0,A,C
20140304,9:32:36.716,N,ALG,,51.54,3,52.17,1,R,N,N,358791,0,0,A,C
20140304,9:32:36.717,T,ALG,,51.54,1,52.96,1,R,T,T,358796,0,0,,C
20140304,9:32:36.718,K,ALG,,51.21,2,52.17,1,R,K,K,358799,6,0,,C
20140304,9:32:36.718,Z,ALG,,51.2,1,52.72,1,R,Z,Z,358800,0,0,,C
20140304,9:32:36.724,W,ALG,,50.84,1,53.2,1,R,W,W,358802,0,0,,C
20140304,9:32:36.738,P,ALG,,51.54,2,54.52,1,R,P,P,358856,0,0,,C
20140304,9:32:36.748,N,ALG,,51.54,3,52.16,1,R,N,N,358860,1,0,A,C
20140304,9:32:36.749,N,ALG,,51.54,3,52.16,2,R,N,N,358861,1,0,A,C
20140304,9:32:36.749,P,ALG,,51.54,1,54.52,1,R,P,P,358862,0,0,,C
20140304,9:32:36.900,T,ALG,,51.54,1,52.4,1,R,T,T,359073,0,0,,C
20140304,9:32:36.900,Z,ALG,,51.2,1,52.4,1,R,Z,Z,359074,0,0,,C
20140304,9:32:37.946,P,ALG,,51.54,2,54.52,1,R,P,P,360792,0,0,,C
20140304,9:33:00.056,W,ALG,,50.83,1,53.21,2,R,W,W,385086,0,0,,C
20140304,9:33:00.301,W,ALG,,50.83,1,53.2,1,R,W,W,385503,0,0,,C
20140304,9:33:00.434,W,ALG,,50.83,1,52.94,1,R,W,W,385615,0,0,,C
20140304,9:33:01.188,N,ALG,,51.54,3,52.16,1,R,N,N,386500,1,0,A,C
20140304,9:33:01.189,T,ALG,,51.54,1,52.96,1,R,T,T,386503,0,0,,C
20140304,9:33:01.189,Z,ALG,,51.2,1,52.74,1,R,Z,Z,386504,0,0,,C
20140304,9:33:01.340,T,ALG,,51.54,1,52.6,1,R,T,T,386757,0,0,,C
20140304,9:33:01.340,Z,ALG,,51.2,1,52.6,1,R,Z,Z,386758,0,0,,C
20140304,9:33:01.789,N,ALG,,51.54,3,52.5,1,R,N,N,387476,6,0,A,C
20140304,9:33:01.789,N,ALG,,51.54,3,52.17,1,R,N,N,387477,0,0,A,C
20140304,9:33:02.254,N,ALG,,51.54,3,52.16,1,R,N,N,388754,1,0,A,C
20140304,9:33:02.254,N,ALG,,51.54,3,52.16,2,R,N,N,388755,1,0,A,C
20140304,9:33:02.405,T,ALG,,51.54,1,52.4,1,R,T,T,388965,0,0,,C
20140304,9:33:02.405,Z,ALG,,51.2,1,52.4,1,R,Z,Z,388966,0,0,,C
20140304,9:33:03.578,N,ALG,,51.55,2,52.16,2,R,N,N,391420,1,0,A,C
20140304,9:33:03.579,N,ALG,,51.55,4,52.16,2,R,N,N,391422,1,0,A,C
20140304,9:33:03.579,P,ALG,,51.55,1,54.52,1,R,P,P,391423,0,0,,C
20140304,9:33:03.580,T,ALG,,51.55,1,52.4,1,R,T,T,391427,0,0,,C
20140304,9:33:03.583,W,ALG,,50.82,1,52.94,1,R,W,W,391433,0,0,,C
20140304,9:33:03.606,N,ALG,,51.55,4,52.16,1,R,N,N,391465,1,0,A,C
20140304,9:33:03.607,T,ALG,,51.55,1,52.96,1,R,T,T,391467,0,0,,C
20140304,9:33:03.607,Z,ALG,,51.2,1,52.78,1,R,Z,Z,391468,0,0,,C
20140304,9:33:03.614,N,ALG,,51.56,1,52.16,1,R,N,N,391476,1,0,A,C
20140304,9:33:03.615,N,ALG,,51.56,3,52.5,1,R,N,N,391477,6,0,A,C
20140304,9:33:03.615,N,ALG,,51.56,3,52.17,1,R,N,N,391478,0,0,A,C
20140304,9:33:03.617,Z,ALG,,51.2,1,52.79,1,R,Z,Z,391480,0,0,,C
20140304,9:33:03.684,P,ALG,,51.69,1,54.52,1,R,P,P,391544,6,0,,C
20140304,9:33:03.684,N,ALG,,51.69,1,52.17,1,R,N,N,391545,0,0,,C
20140304,9:33:03.685,N,ALG,,51.69,3,52.17,1,R,N,N,391548,6,0,,C
20140304,9:33:03.687,Z,ALG,,51.2,1,52.92,1,R,Z,Z,391551,0,0,,C
20140304,9:33:03.727,N,ALG,,51.7,1,52.17,1,R,N,N,391642,6,0,,C
20140304,9:33:03.727,N,ALG,,51.7,3,52.17,1,R,N,N,391644,6,0,,C
20140304,9:33:03.730,Z,ALG,,51.2,1,52.93,1,R,Z,Z,391645,0,0,,C
20140304,9:33:03.738,N,ALG,,51.7,3,52.17,1,R,N,N,391657,0,0,A,C
20140304,9:33:03.758,T,ALG,,51.55,1,52.6,1,R,T,T,391666,0,0,,C
20140304,9:33:03.758,Z,ALG,,51.2,1,52.6,1,R,Z,Z,391667,0,0,,C
20140304,9:33:03.835,Z,ALG,,51.4,1,52.6,1,R,Z,Z,391735,0,0,,C
20140304,9:33:04.098,N,ALG,,51.7,3,52.16,1,R,N,N,392123,1,0,A,C
20140304,9:33:04.098,N,ALG,,51.7,3,52.16,2,R,N,N,392124,1,0,A,C
20140304,9:33:04.121,N,ALG,,51.7,3,52.16,2,R,N,N,392200,0,0,A,C
20140304,9:33:04.250,T,ALG,,51.55,1,52.4,1,R,T,T,392401,0,0,,C
20140304,9:33:04.250,Z,ALG,,51.4,1,52.4,1,R,Z,Z,392402,0,0,,C
20140304,9:33:04.568,P,ALG,,51.55,1,54.52,1,R,P,P,392750,0,0,,C
20140304,9:33:04.571,N,ALG,,51.7,2,52.16,2,R,N,N,392754,1,0,A,C
20140304,9:33:04.571,N,ALG,,51.7,1,52.16,2,R,N,N,392756,1,0,A,C
20140304,9:33:04.789,N,ALG,,51.69,2,52.16,2,R,N,N,393621,1,0,A,C
20140304,9:33:04.789,N,ALG,,51.69,3,52.16,2,R,N,N,393622,1,0,A,C
20140304,9:33:04.790,Y,ALG,,50.45,2,53.17,1,R,Y,Y,393623,0,0,,C
20140304,9:33:04.791,N,ALG,,51.69,3,52.16,2,R,N,N,393624,0,0,A,C
20140304,9:33:04.795,W,ALG,,50.83,1,52.94,1,R,W,W,393627,0,0,,C
20140304,9:33:04.801,Y,ALG,,50.45,2,53.17,1,R,Y,Y,393643,0,0,A,C
20140304,9:33:05.189,N,ALG,,51.7,1,52.16,2,R,N,N,394136,1,0,A,C
20140304,9:33:05.190,N,ALG,,51.7,3,52.16,2,R,N,N,394137,1,0,A,C
20140304,9:33:05.200,N,ALG,,51.7,3,52.16,2,R,N,N,394142,0,0,A,C
20140304,9:33:06.029,P,ALG,,51.71,1,54.52,1,R,P,P,395113,6,0,,C
20140304,9:33:06.030,N,ALG,,51.7,3,52.16,2,R,N,N,395114,0,0,A,C
20140304,9:33:06.031,N,ALG,,51.71,1,52.16,2,R,N,N,395115,0,0,A,C
20140304,9:33:06.035,N,ALG,,51.71,1,52.16,2,R,N,N,395121,0,0,A,C
20140304,9:33:06.048,N,ALG,,51.71,1,52.16,1,R,N,N,395127,6,0,A,C
20140304,9:33:06.049,T,ALG,,51.55,1,52.96,1,R,T,T,395128,0,0,,C
20140304,9:33:06.049,Z,ALG,,51.4,1,52.92,1,R,Z,Z,395129,0,0,,C
20140304,9:33:06.090,N,ALG,,51.72,1,52.16,1,R,N,N,395173,1,0,A,C
20140304,9:33:06.091,N,ALG,,51.72,3,52.5,1,R,N,N,395174,6,0,A,C
20140304,9:33:06.091,N,ALG,,51.72,3,52.17,1,R,N,N,395175,0,0,A,C
20140304,9:33:06.092,N,ALG,,51.72,3,52.17,1,R,N,N,395176,0,0,A,C
20140304,9:33:06.122,Y,ALG,,50.45,2,53.17,1,R,Y,Y,395184,0,0,,C
20140304,9:33:06.200,T,ALG,,51.55,1,52.6,1,R,T,T,395279,0,0,,C
20140304,9:33:06.200,Z,ALG,,51.4,1,52.6,1,R,Z,Z,395280,0,0,,C
20140304,9:33:07.297,N,ALG,,51.72,3,52.16,1,R,N,N,397665,1,0,A,C
20140304,9:33:07.298,N,ALG,,51.72,3,52.16,2,R,N,N,397667,1,0,A,C
20140304,9:33:07.308,N,ALG,,51.72,3,52.16,2,R,N,N,397683,0,0,A,C
20140304,9:33:07.308,Y,ALG,,50.45,2,53.17,1,R,Y,Y,397684,0,0,A,C
20140304,9:33:07.449,T,ALG,,51.55,1,52.4,1,R,T,T,397903,0,0,,C
20140304,9:33:07.449,Z,ALG,,51.4,1,52.4,1,R,Z,Z,397904,0,0,,C
20140304,9:33:08.592,W,ALG,,50.94,1,52.94,1,R,W,W,399279,0,0,,C
20140304,9:33:19.290,T,ALG,,51.72,1,52.4,1,R,T,T,416107,0,0,,C
20140304,9:33:20.568,P,ALG,,51.89,1,54.52,1,R,P,P,417782,6,0,,C
20140304,9:33:20.568,N,ALG,,51.89,1,52.16,2,R,N,N,417784,0,0,A,C
20140304,9:33:20.569,N,ALG,,51.89,1,52.16,2,R,N,N,417787,0,0,,C
20140304,9:33:20.569,N,ALG,,51.89,2,52.16,1,R,N,N,417788,1,0,,C
20140304,9:33:20.570,T,ALG,,51.72,1,52.96,1,R,T,T,417793,0,0,,C
20140304,9:33:20.570,Z,ALG,,51.4,1,52.87,1,R,Z,Z,417794,0,0,,C
20140304,9:33:20.571,Z,ALG,,51.4,1,52.94,1,R,Z,Z,417796,0,0,,C
20140304,9:33:20.572,W,ALG,,50.8,1,52.94,1,R,W,W,417797,0,0,,C
20140304,9:33:20.572,W,ALG,,51.11,1,52.94,1,R,W,W,417798,0,0,,C
20140304,9:33:20.573,N,ALG,,51.89,2,52.5,1,R,N,N,417799,6,0,,C
20140304,9:33:20.573,W,ALG,,51.11,1,52.91,1,R,W,W,417800,0,0,,C
20140304,9:33:20.582,N,ALG,,51.9,1,52.5,1,R,N,N,417813,6,0,,C
20140304,9:33:20.582,N,ALG,,51.9,2,52.5,1,R,N,N,417814,6,0,,C
20140304,9:33:20.585,Z,ALG,,51.4,1,52.95,1,R,Z,Z,417815,0,0,,C
20140304,9:33:20.593,N,ALG,,51.9,2,52.5,1,R,N,N,417818,0,0,A,C
20140304,9:33:20.615,N,ALG,,51.9,2,52.49,1,R,N,N,417872,0,0,A,C
20140304,9:33:20.720,Z,ALG,,51.6,1,52.95,1,R,Z,Z,417955,0,0,,C
20140304,9:33:20.767,T,ALG,,51.72,1,52.8,1,R,T,T,418010,0,0,,C
20140304,9:33:20.768,Z,ALG,,51.6,1,52.8,1,R,Z,Z,418011,0,0,,C
20140304,9:33:21.568,P,ALG,,51.71,1,54.52,1,R,P,P,418917,0,0,,C
20140304,9:33:21.584,N,ALG,,51.9,1,52.49,1,R,N,N,418936,6,0,A,C
20140304,9:33:21.585,N,ALG,,51.89,1,52.49,1,R,N,N,418937,6,0,A,C
20140304,9:33:21.585,N,ALG,,51.89,2,52.49,1,R,N,N,418938,6,0,A,C
20140304,9:33:21.586,Y,ALG,,50.45,2,53.17,1,R,Y,Y,418942,0,0,,C
20140304,9:33:21.586,N,ALG,,51.89,2,52.49,1,R,N,N,418944,0,0,,C
20140304,9:33:21.591,W,ALG,,51.11,1,52.9,1,R,W,W,418951,0,0,,C
20140304,9:33:22.059,N,ALG,,51.9,1,52.49,1,R,N,N,419685,6,0,,C
20140304,9:33:22.059,N,ALG,,51.9,2,52.49,1,R,N,N,419687,6,0,,C
20140304,9:33:22.066,N,ALG,,51.9,2,52.49,1,R,N,N,419689,0,0,A,C
20140304,9:33:26.167,Y,ALG,,50.45,2,53.17,1,R,Y,Y,424770,0,0,A,C
20140304,9:33:28.892,K,ALG,,51.21,2,52.54,1,R,K,K,428617,6,0,,C
20140304,9:33:28.894,N,ALG,,51.9,3,52.49,1,R,N,N,428618,1,0,A,C
20140304,9:33:28.894,N,ALG,,51.9,3,52.49,2,R,N,N,428619,1,0,A,C
20140304,9:33:28.895,W,ALG,,50.85,1,52.9,1,R,W,W,428620,0,0,,C
20140304,9:33:28.895,W,ALG,,51.12,1,52.9,1,R,W,W,428621,0,0,,C
20140304,9:33:28.896,Z,ALG,,51.6,1,52.78,1,R,Z,Z,428622,0,0,,C
20140304,9:33:28.897,W,ALG,,51.12,1,52.85,1,R,W,W,428623,0,0,,C
20140304,9:33:28.899,N,ALG,,51.9,3,52.49,2,R,N,N,428624,0,0,A,C
20140304,9:33:36.569,P,ALG,,51.96,1,54.52,1,R,P,P,439513,6,0,,C
20140304,9:33:36.570,N,ALG,,51.96,1,52.49,2,R,N,N,439514,0,0,A,C
20140304,9:33:36.570,N,ALG,,51.96,3,52.49,2,R,N,N,439515,1,0,A,C
20140304,9:33:36.571,K,ALG,,51.21,2,52.49,1,R,K,K,439516,0,0,,C
20140304,9:33:36.571,N,ALG,,51.96,3,52.49,2,R,N,N,439517,0,0,A,C
20140304,9:33:36.572,Z,ALG,,51.6,1,52.8,1,R,Z,Z,439518,0,0,,C
20140304,9:33:36.580,Y,ALG,,50.45,2,53.17,1,R,Y,Y,439521,0,0,A,C
20140304,9:33:36.582,N,ALG,,51.96,3,52.49,1,R,N,N,439523,6,0,A,C
20140304,9:33:36.583,Y,ALG,,50.45,2,53.17,1,R,Y,Y,439524,0,0,A,C
20140304,9:33:36.592,N,ALG,,51.97,1,52.49,1,R,N,N,439530,6,0,A,C
20140304,9:33:36.593,N,ALG,,51.97,3,52.49,1,R,N,N,439531,6,0,A,C
20140304,9:33:36.593,N,ALG,,51.97,3,52.49,1,R,N,N,439532,0,0,A,C
20140304,9:33:36.594,N,ALG,,51.97,3,52.49,1,R,N,N,439537,0,0,A,C
20140304,9:33:37.570,P,ALG,,51.71,1,54.52,1,R,P,P,440890,0,0,,C
20140304,9:33:37.590,N,ALG,,51.97,2,52.49,1,R,N,N,440926,6,0,A,C
20140304,9:33:37.590,N,ALG,,51.97,1,52.49,1,R,N,N,440928,6,0,A,C
20140304,9:33:37.789,N,ALG,,51.96,2,52.49,1,R,N,N,441101,6,0,A,C
20140304,9:33:37.789,N,ALG,,51.96,3,52.49,1,R,N,N,441102,6,0,A,C
20140304,9:33:37.790,N,ALG,,51.96,3,52.49,1,R,N,N,441106,0,0,A,C
20140304,9:33:38.358,N,ALG,,51.97,1,52.49,1,R,N,N,441922,6,0,A,C
20140304,9:33:38.359,N,ALG,,51.97,3,52.49,1,R,N,N,441923,6,0,A,C
20140304,9:33:38.360,N,ALG,,51.97,3,52.49,1,R,N,N,441924,0,0,A,C
20140304,9:33:38.363,W,ALG,,51.12,1,52.86,1,R,W,W,441925,0,0,,C
20140304,9:33:52.577,P,ALG,,51.97,1,54.52,1,R,P,P,455793,0,0,,C
20140304,9:33:53.579,N,ALG,,51.97,3,52.49,1,R,N,N,456730,0,0,A,C
20140304,9:33:56.061,N,ALG,,51.97,3,52.48,1,R,N,N,459543,1,0,A,C
20140304,9:33:56.061,N,ALG,,51.97,3,52.48,2,R,N,N,459544,1,0,A,C
20140304,9:33:56.066,W,ALG,,51.12,1,52.91,1,R,W,W,459549,0,0,,C
20140304,9:34:00.057,W,ALG,,51.12,1,52.92,1,R,W,W,462983,0,0,,C
20140304,9:34:00.323,W,ALG,,51.12,1,52.89,1,R,W,W,463649,0,0,,C
20140304,9:34:06.324,T,ALG,,51.72,1,52.48,1,R,T,T,470845,0,0,,C
20140304,9:34:06.324,K,ALG,,51.21,2,52.48,1,R,K,K,470846,0,0,,C
20140304,9:34:06.673,N,ALG,,51.98,2,52.48,2,R,N,N,471264,1,0,A,C
20140304,9:34:06.678,W,ALG,,51.12,1,52.88,1,R,W,W,471269,0,0,,C
20140304,9:34:06.680,N,ALG,,51.98,4,52.48,2,R,N,N,471270,1,0,A,C
20140304,9:34:06.705,N,ALG,,51.99,1,52.48,2,R,N,N,471278,1,0,A,C
20140304,9:34:06.715,N,ALG,,51.99,3,52.48,2,R,N,N,471279,1,0,A,C
20140304,9:34:06.716,N,ALG,,51.99,3,52.48,1,R,N,N,471280,6,0,A,C
20140304,9:34:07.323,K,ALG,,51.21,2,52.53,1,R,K,K,472032,0,0,,C
20140304,9:34:07.333,Y,ALG,,50.45,2,53.17,1,R,Y,Y,472034,0,0,A,C
20140304,9:34:07.348,N,ALG,,51.99,3,52.48,1,R,N,N,472042,0,0,A,C
20140304,9:34:08.582,P,ALG,,52.01,1,54.52,1,R,P,P,474546,6,0,,C
20140304,9:34:08.583,N,ALG,,52.01,1,52.48,1,R,N,N,474547,0,0,A,C
20140304,9:34:08.583,N,ALG,,52.01,3,52.48,1,R,N,N,474548,6,0,A,C
20140304,9:34:08.587,N,ALG,,52.02,1,52.48,1,R,N,N,474684,6,0,A,C
20140304,9:34:08.588,W,ALG,,51.12,1,52.87,1,R,W,W,474686,0,0,,C
20140304,9:34:08.588,N,ALG,,52.02,3,52.48,1,R,N,N,474688,6,0,A,C
20140304,9:34:08.638,Y,ALG,,50.45,2,53.17,1,R,Y,Y,474801,0,0,A,C
20140304,9:34:08.638,N,ALG,,52.02,3,52.48,1,R,N,N,474802,0,0,A,C
20140304,9:34:08.734,T,ALG,,51.8,1,52.48,1,R,T,T,475220,6,0,,C
20140304,9:34:08.734,Z,ALG,,51.8,1,52.8,1,R,Z,Z,475221,0,0,,C
20140304,9:34:09.582,P,ALG,,51.71,1,54.52,1,R,P,P,476163,0,0,,C
20140304,9:34:09.593,Y,ALG,,50.45,2,53.17,1,R,Y,Y,476173,0,0,A,C
20140304,9:34:09.600,N,ALG,,52.02,2,52.48,1,R,N,N,476183,6,0,A,C
20140304,9:34:09.600,N,ALG,,52.02,1,52.48,1,R,N,N,476185,6,0,A,C
20140304,9:34:09.608,N,ALG,,52.02,1,52.48,1,R,N,N,476187,0,0,A,C
20140304,9:34:09.790,N,ALG,,52.01,2,52.48,1,R,N,N,476370,6,0,A,C
20140304,9:34:09.790,N,ALG,,52.01,3,52.48,1,R,N,N,476372,6,0,A,C
20140304,9:34:09.790,Y,ALG,,50.45,2,53.17,1,R,Y,Y,476375,0,0,A,C
20140304,9:34:09.791,N,ALG,,52.01,3,52.48,1,R,N,N,476376,0,0,A,C
20140304,9:34:10.334,N,ALG,,52.02,1,52.48,1,R,N,N,476846,6,0,A,C
20140304,9:34:10.334,N,ALG,,52.02,3,52.48,1,R,N,N,476847,6,0,A,C
20140304,9:34:18.439,K,ALG,,48.07,1,52.53,1,R,K,K,486785,0,0,,C
20140304,9:34:18.449,Y,ALG,,50.45,2,53.17,1,R,Y,Y,486789,0,0,A,C
20140304,9:34:18.464,N,ALG,,52.02,3,52.48,1,R,N,N,486802,0,0,A,C
20140304,9:34:24.597,P,ALG,,52.02,1,54.52,1,R,P,P,492988,0,0,,C
20140304,9:34:25.598,Y,ALG,,50.45,2,53.17,1,R,Y,Y,493914,0,0,A,C
20140304,9:34:25.598,N,ALG,,52.02,3,52.48,1,R,N,N,493917,0,0,A,C
20140304,9:34:26.079,N,ALG,,52.02,3,52.47,1,R,N,N,494228,1,0,A,C
20140304,9:34:26.080,N,ALG,,52.02,3,52.47,2,R,N,N,494229,1,0,A,C
20140304,9:34:26.084,W,ALG,,51.12,1,52.89,1,R,W,W,494231,0,0,,C
20140304,9:34:29.001,K,ALG,,48.07,1,52.52,1,R,K,K,497174,0,0,,C
20140304,9:34:29.329,T,ALG,,51.8,1,52.47,1,R,T,T,497467,0,0,,C
20140304,9:34:29.329,K,ALG,,48.07,1,52.47,1,R,K,K,497468,0,0,,C
20140304,9:34:30.055,W,ALG,,51.12,1,52.84,1,R,W,W,498429,0,0,,C
20140304,9:34:30.329,K,ALG,,48.07,1,52.52,1,R,K,K,498879,0,0,,C
20140304,9:34:41.158,N,ALG,,52.02,4,52.47,2,R,N,N,511209,1,0,A,C
20140304,9:34:41.163,W,ALG,,51.12,1,52.83,1,R,W,W,511216,0,0,,C
20140304,9:34:42.038,B,ALG,,52.02,1,0,0,R,B,B,512315,0,0,,C
20140304,9:35:00.361,W,ALG,,51.12,1,52.79,1,R,W,W,531871,0,0,,C
20140304,9:35:10.298,Y,ALG,,50.45,2,53.17,1,R,Y,Y,552185,0,0,A,C
20140304,9:35:10.298,N,ALG,,52.02,4,52.47,2,R,N,N,552186,0,0,A,C
20140304,9:35:10.637,N,ALG,,52.03,2,52.47,2,R,N,N,552814,1,0,A,C
20140304,9:35:10.638,N,ALG,,52.03,4,52.47,2,R,N,N,552815,1,0,A,C
20140304,9:35:10.639,T,ALG,,51.8,1,52.8,1,R,T,T,552824,0,0,,C
20140304,9:35:10.639,Y,ALG,,50.45,1,53.17,1,R,Y,Y,552825,0,0,A,C
20140304,9:35:10.640,Y,ALG,,48.07,1,53.17,1,R,Y,Y,552828,0,0,A,C
20140304,9:35:10.640,Y,ALG,,48.07,1,55.89,1,R,Y,Y,552831,0,0,A,C
20140304,9:35:10.642,W,ALG,,51.12,1,52.92,1,R,W,W,552875,0,0,,C
20140304,9:35:10.644,N,ALG,,52.03,4,52.47,1,R,N,N,552947,1,0,A,C
20140304,9:35:10.685,Y,ALG,,50.98,1,55.89,1,R,Y,Y,553432,0,0,A,C
20140304,9:35:10.685,Y,ALG,,50.98,1,53.52,1,R,Y,Y,553433,0,0,A,C
20140304,9:35:10.685,N,ALG,,52.04,1,52.47,1,R,N,N,553436,1,0,A,C
20140304,9:35:10.686,N,ALG,,52.04,3,52.5,1,R,N,N,553442,1,0,A,C
20140304,9:35:10.687,Y,ALG,,50.98,1,53.52,1,R,Y,Y,553447,0,0,A,C
20140304,9:35:10.690,N,ALG,,52.04,3,52.5,1,R,N,N,553453,0,0,A,C
20140304,9:35:10.693,N,ALG,,52.04,3,52.5,1,R,N,N,553502,0,0,A,C
20140304,9:35:10.721,Y,ALG,,50.99,1,53.52,1,R,Y,Y,553594,0,0,A,C
20140304,9:35:10.726,N,ALG,,52.04,3,52.49,1,R,N,N,553607,1,0,A,C
20140304,9:35:10.727,N,ALG,,52.04,3,52.49,2,R,N,N,553608,1,0,A,C
20140304,9:35:10.727,N,ALG,,52.04,3,52.49,2,R,N,N,553611,0,0,A,C
20140304,9:35:10.731,N,ALG,,52.04,3,52.49,2,R,N,N,553615,0,0,A,C
20140304,9:35:10.733,P,ALG,,52.03,1,54.52,1,R,P,P,553617,0,0,,C
20140304,9:35:12.232,B,ALG,,0,0,0,0,R,B,B,558054,0,0,,C
20140304,9:35:12.243,Y,ALG,,50.99,1,53.52,1,R,Y,Y,558068,0,0,A,C
20140304,9:35:12.268,B,ALG,,52.04,1,0,0,R,B,B,558125,0,0,,C
20140304,9:35:28.612,P,ALG,,52.04,1,54.52,1,R,P,P,588892,0,0,,C
20140304,9:35:30.071,W,ALG,,51.12,1,52.91,1,R,W,W,591066,0,0,,C
20140304,9:35:41.042,N,ALG,,52.04,4,52.49,2,R,N,N,613014,1,0,A,C
20140304,9:36:00.354,W,ALG,,51.12,1,52.98,1,R,W,W,651908,0,0,,C
20140304,9:36:01.480,N,ALG,,52.04,3,52.49,2,R,N,N,654060,1,0,A,C
20140304,9:36:11.407,N,ALG,,52.04,2,52.49,2,R,N,N,678265,1,0,A,C
20140304,9:36:11.407,N,ALG,,52.04,1,52.49,2,R,N,N,678266,6,0,A,C
20140304,9:36:11.412,W,ALG,,51.12,1,52.97,1,R,W,W,678269,0,0,,C
20140304,9:36:11.422,N,ALG,,52.05,1,52.49,2,R,N,N,678276,1,0,A,C
20140304,9:36:11.423,N,ALG,,52.05,3,52.49,2,R,N,N,678279,1,0,A,C
20140304,9:36:11.423,P,ALG,,52.05,1,54.52,1,R,P,P,678280,0,0,,C
20140304,9:36:12.729,N,ALG,,52.06,2,52.49,2,R,N,N,681015,1,0,A,C
20140304,9:36:12.729,N,ALG,,52.06,4,52.49,2,R,N,N,681017,1,0,A,C
20140304,9:36:12.732,W,ALG,,50.78,1,52.97,1,R,W,W,681020,0,0,,C
20140304,9:36:12.732,W,ALG,,51.28,1,52.97,1,R,W,W,681021,0,0,,C
20140304,9:36:12.745,N,ALG,,52.06,4,52.49,1,R,N,N,681024,1,0,A,C
20140304,9:36:12.752,N,ALG,,52.07,1,52.49,1,R,N,N,681028,1,0,A,C
20140304,9:36:12.752,N,ALG,,52.07,3,52.5,1,R,N,N,681029,1,0,A,C
20140304,9:36:12.753,Y,ALG,,50.99,1,53.52,1,R,Y,Y,681030,0,0,A,C
20140304,9:36:12.754,N,ALG,,52.07,3,52.5,1,R,N,N,681031,0,0,,C
20140304,9:36:12.757,N,ALG,,52.07,3,52.5,1,R,N,N,681032,0,0,A,C
20140304,9:36:12.776,P,ALG,,52.05,1,54.96,1,R,P,P,681048,0,0,,C
20140304,9:36:13.300,N,ALG,,52.07,3,52.49,1,R,N,N,682281,1,0,A,C
20140304,9:36:13.300,N,ALG,,52.07,3,52.49,2,R,N,N,682282,1,0,A,C
20140304,9:36:13.300,N,ALG,,52.07,3,52.49,2,R,N,N,682283,0,0,,C
20140304,9:36:13.304,N,ALG,,52.07,3,52.49,2,R,N,N,682287,0,0,A,C
20140304,9:36:13.325,N,ALG,,52.07,3,52.49,2,R,N,N,682300,0,0,A,C
20140304,9:36:13.546,B,ALG,,0,0,0,0,R,B,B,682626,0,0,,C
20140304,9:36:13.556,Y,ALG,,50.99,1,53.52,1,R,Y,Y,682640,0,0,A,C
20140304,9:36:13.610,B,ALG,,52.07,1,0,0,R,B,B,682692,0,0,,C
20140304,9:36:26.675,P,ALG,,52.07,1,54.96,1,R,P,P,703528,0,0,,C
20140304,9:36:27.677,N,ALG,,52.07,3,52.49,2,R,N,N,704313,0,0,A,C
20140304,9:36:30.060,W,ALG,,51.28,1,52.98,1,R,W,W,707128,0,0,,C
20140304,9:36:35.014,N,ALG,,52.07,2,52.49,2,R,N,N,716728,1,0,A,C
20140304,9:36:35.014,N,ALG,,52.07,1,52.49,2,R,N,N,716729,6,0,A,C
20140304,9:36:35.019,W,ALG,,51.28,1,52.97,1,R,W,W,716731,0,0,,C
20140304,9:36:35.486,J,ALG,,52.07,1,55.89,1,R,J,J,717369,0,0,,C
20140304,9:36:37.019,J,ALG,,48.07,1,55.89,1,R,J,J,719309,0,0,,C
20140304,9:36:50.028,K,ALG,,48.07,1,52.49,1,R,K,K,735533,0,0,,C
20140304,9:36:50.028,T,ALG,,51.8,1,52.49,1,R,T,T,735534,0,0,,C
20140304,9:36:51.403,K,ALG,,48.07,1,52.52,1,R,K,K,736713,0,0,,C
20140304,9:36:55.222,N,ALG,,52.08,1,52.49,2,R,N,N,742529,1,0,A,C
20140304,9:36:55.222,N,ALG,,52.08,3,52.49,2,R,N,N,742530,1,0,A,C
20140304,9:36:55.227,W,ALG,,51.28,1,52.94,1,R,W,W,742531,0,0,,C
20140304,9:36:57.349,B,ALG,,0,0,0,0,R,B,B,745583,0,0,,C
20140304,9:36:57.374,N,ALG,,52.08,3,52.49,2,R,N,N,745638,0,0,A,C
20140304,9:36:57.384,B,ALG,,52.08,1,0,0,R,B,B,745645,0,0,,C
20140304,9:37:00.372,W,ALG,,51.28,1,52.91,1,R,W,W,749428,0,0,,C
20140304,9:37:11.107,N,ALG,,52.09,2,52.49,2,R,N,N,765469,1,0,A,C
20140304,9:37:11.108,N,ALG,,52.09,4,52.49,2,R,N,N,765470,1,0,A,C
20140304,9:37:11.119,N,ALG,,52.09,4,52.49,2,R,N,N,765477,0,0,A,C
20140304,9:37:11.124,N,ALG,,52.09,4,52.49,1,R,N,N,765479,6,0,A,C
20140304,9:37:11.154,N,ALG,,52.1,1,52.49,1,R,N,N,765493,6,0,A,C
20140304,9:37:11.155,N,ALG,,52.1,3,52.49,1,R,N,N,765494,6,0,A,C
20140304,9:37:13.173,B,ALG,,0,0,0,0,R,B,B,769747,0,0,,C
20140304,9:37:13.197,N,ALG,,52.1,3,52.49,1,R,N,N,769803,0,0,A,C
20140304,9:37:13.207,B,ALG,,52.1,1,0,0,R,B,B,769813,0,0,,C
20140304,9:37:13.720,P,ALG,,52.1,1,54.96,1,R,P,P,770888,0,0,,C
20140304,9:37:14.721,N,ALG,,52.1,3,52.49,1,R,N,N,772909,0,0,A,C
20140304,9:37:17.018,Z,ALG,,52.1,1,52.8,1,R,Z,Z,776793,0,0,,C
20140304,9:37:18.071,T,ALG,,52,1,52.49,1,R,T,T,778083,6,0,,C
20140304,9:37:18.077,W,ALG,,51.28,1,52.9,1,R,W,W,778091,0,0,,C
20140304,9:37:30.043,N,ALG,,52.1,3,52.49,1,R,N,N,792523,6,0,A,C
20140304,9:37:30.049,W,ALG,,51.28,1,52.89,1,R,W,W,792527,0,0,,C
20140304,9:37:31.325,N,ALG,,52.1,3,52.48,1,R,N,N,795361,1,0,A,C
20140304,9:37:31.326,N,ALG,,52.1,3,52.48,2,R,N,N,795362,1,0,A,C
20140304,9:37:42.223,N,ALG,,52.1,4,52.48,2,R,N,N,808779,1,0,A,C
20140304,9:37:42.228,W,ALG,,51.28,1,52.88,1,R,W,W,808781,0,0,,C
20140304,9:37:47.020,Z,ALG,,51.8,1,52.8,1,R,Z,Z,814233,0,0,,C
20140304,9:37:48.051,N,ALG,,52.1,4,52.48,1,R,N,N,815493,1,0,A,C
20140304,9:37:48.062,N,ALG,,52.1,3,52.48,1,R,N,N,815527,1,0,A,C
20140304,9:37:48.789,N,ALG,,52.1,3,52.5,1,R,N,N,816534,6,0,A,C
20140304,9:37:48.789,N,ALG,,52.1,3,52.49,1,R,N,N,816535,0,0,A,C
20140304,9:37:49.280,N,ALG,,52.1,3,52.48,1,R,N,N,817440,1,0,A,C
20140304,9:37:49.281,N,ALG,,52.1,3,52.48,2,R,N,N,817441,1,0,A,C
20140304,9:37:54.724,Z,ALG,,52.1,1,52.8,1,R,Z,Z,822940,0,0,,C
20140304,9:37:57.018,Z,ALG,,51.8,1,52.8,1,R,Z,Z,827521,0,0,,C
20140304,9:37:59.179,N,ALG,,52.1,3,52.48,1,R,N,N,830249,1,0,A,C
20140304,9:37:59.179,Y,ALG,,50.99,1,53.52,1,R,Y,Y,830262,0,0,A,C
20140304,9:37:59.180,N,ALG,,52.1,3,52.5,1,R,N,N,830283,6,0,A,C
20140304,9:37:59.180,N,ALG,,52.1,3,52.49,1,R,N,N,830289,0,0,A,C
20140304,9:37:59.180,N,ALG,,52.1,3,52.49,1,R,N,N,830294,0,0,A,C
20140304,9:37:59.184,T,ALG,,52,1,52.8,1,R,T,T,830361,6,0,,C
20140304,9:37:59.185,N,ALG,,52.1,3,52.5,1,R,N,N,830366,1,0,A,C
20140304,9:37:59.186,N,ALG,,52.1,3,52.52,1,R,N,N,830369,6,0,A,C
20140304,9:37:59.187,T,ALG,,52,1,52.96,1,R,T,T,830370,0,0,,C
20140304,9:37:59.187,Z,ALG,,51.8,1,53.15,1,R,Z,Z,830371,0,0,,C
20140304,9:37:59.337,T,ALG,,52,1,52.8,1,R,T,T,830433,0,0,,C
20140304,9:37:59.337,Z,ALG,,51.8,1,52.8,1,R,Z,Z,830434,0,0,,C
20140304,9:38:00.382,W,ALG,,51.28,1,52.84,1,R,W,W,832369,0,0,,C
20140304,9:38:11.015,W,ALG,,51.38,1,53.28,1,R,W,W,855169,0,0,,C
20140304,9:38:14.673,N,ALG,,52.11,2,52.52,1,R,N,N,861477,6,0,A,C
20140304,9:38:14.674,N,ALG,,52.11,4,52.52,1,R,N,N,861483,6,0,A,C
20140304,9:38:14.675,P,ALG,,52.11,1,54.96,1,R,P,P,861484,0,0,,C
20140304,9:38:14.679,W,ALG,,51.33,1,53.28,1,R,W,W,861505,0,0,,C
20140304,9:38:15.187,N,ALG,,52.11,4,52.52,1,R,N,N,862406,0,0,,C
20140304,9:38:15.212,N,ALG,,52.11,4,52.52,1,R,N,N,862445,0,0,A,C
20140304,9:38:16.698,B,ALG,,0,0,0,0,R,B,B,865279,0,0,,C
20140304,9:38:16.699,N,ALG,,52.11,4,52.52,1,R,N,N,865281,0,0,,C
20140304,9:38:16.767,B,ALG,,52.11,1,0,0,R,B,B,865399,0,0,,C
20140304,9:38:29.784,P,ALG,,49.55,1,54.96,1,R,P,P,886640,0,0,,C
20140304,9:38:30.055,W,ALG,,51.35,1,53.28,1,R,W,W,886948,0,0,,C
20140304,9:38:42.032,P,ALG,,52.11,1,54.96,1,R,P,P,904800,0,0,,C
20140304,9:38:42.033,N,ALG,,52.11,5,52.52,1,R,N,N,904822,6,0,,C
20140304,9:38:42.049,W,ALG,,51.36,1,53.28,1,R,W,W,904860,0,0,,C
20140304,9:38:49.672,P,ALG,,52.07,1,54.96,1,R,P,P,914465,0,0,,C
20140304,9:38:49.674,N,ALG,,52.11,4,52.52,1,R,N,N,914469,6,0,,C
20140304,9:38:49.683,N,ALG,,52.11,4,52.52,1,R,N,N,914480,0,0,A,C
20140304,9:38:49.701,P,ALG,,52.11,1,54.96,1,R,P,P,914488,0,0,,C
20140304,9:38:50.853,P,ALG,,52.11,2,54.96,1,R,P,P,916634,0,0,,C
20140304,9:38:50.853,N,ALG,,52.11,5,52.52,1,R,N,N,916635,6,0,A,C
20140304,9:38:50.853,N,ALG,,52.11,5,52.52,1,R,N,N,916638,0,0,,C
20140304,9:39:06.800,N,ALG,,52.12,1,52.52,1,R,N,N,937946,6,0,,C
20140304,9:39:06.801,N,ALG,,52.12,3,52.52,1,R,N,N,937947,6,0,,C
20140304,9:39:06.801,P,ALG,,52.12,1,54.96,1,R,P,P,937948,0,0,,C
20140304,9:39:06.801,N,ALG,,52.12,4,52.52,1,R,N,N,937949,6,0,,C
20140304,9:39:06.801,P,ALG,,52.12,2,54.96,1,R,P,P,937950,0,0,,C
20140304,9:39:06.814,N,ALG,,52.12,4,52.52,1,R,N,N,937980,0,0,A,C
20140304,9:39:08.747,Y,ALG,,52.12,1,53.52,1,R,Y,Y,940048,0,0,,C
20140304,9:39:08.757,Y,ALG,,52.12,1,53.52,1,R,Y,Y,940055,0,0,A,C
20140304,9:39:08.800,B,ALG,,0,0,0,0,R,B,B,940197,0,0,,C
20140304,9:39:08.836,B,ALG,,52.12,1,0,0,R,B,B,940387,0,0,,C
20140304,9:39:11.625,Y,ALG,,52.12,1,53.52,1,R,Y,Y,942937,0,0,,C
20140304,9:39:11.625,N,ALG,,52.12,4,52.52,1,R,N,N,942938,0,0,,C
20140304,9:39:11.633,N,ALG,,52.12,4,53,2,R,N,N,942946,0,0,,C
20140304,9:39:11.634,T,ALG,,52,1,52.96,1,R,T,T,942948,0,0,,C
20140304,9:39:11.634,Z,ALG,,51.8,1,53.2,1,R,Z,Z,942949,0,0,,C
20140304,9:39:11.635,P,ALG,,52.12,2,52.96,1,R,P,P,942951,0,0,,C
20140304,9:39:11.635,N,ALG,,52.12,4,52.96,1,R,N,N,942952,0,0,,C
20140304,9:39:11.661,T,ALG,,52,1,53.72,1,R,T,T,942970,0,0,,C
20140304,9:39:11.662,P,ALG,,52.12,2,52.98,1,R,P,P,942983,0,0,,C
20140304,9:39:11.663,N,ALG,,52.12,4,52.98,1,R,N,N,942985,0,0,,C
20140304,9:39:11.663,P,ALG,,52.12,2,53.01,1,R,P,P,942987,0,0,,C
20140304,9:39:11.664,N,ALG,,52.12,4,53,2,R,N,N,942988,0,0,,C
20140304,9:39:11.785,T,ALG,,52,1,53.2,1,R,T,T,943165,0,0,,C
20140304,9:39:11.785,Z,ALG,,51.8,1,53.2,2,R,Z,Z,943166,0,0,,C
20140304,9:39:14.507,K,ALG,,48.07,1,53.05,1,R,K,K,947113,6,0,,C
20140304,9:39:14.509,Y,ALG,,52.12,1,53.56,1,R,Y,Y,947114,0,0,,C
20140304,9:39:14.509,J,ALG,,48.07,1,56.71,1,R,J,J,947115,0,0,,C
20140304,9:39:14.510,Z,ALG,,51.87,1,53.2,2,R,Z,Z,947116,0,0,,C
20140304,9:39:14.510,W,ALG,,51.36,1,53.6,1,R,W,W,947117,0,0,,C
20140304,9:39:14.511,P,ALG,,52.12,2,52.99,1,R,P,P,947118,6,0,,C
20140304,9:39:14.511,W,ALG,,51.38,1,53.58,1,R,W,W,947119,0,0,,C
20140304,9:39:14.513,Y,ALG,,52.12,1,53,3,R,Y,Y,947120,0,0,,C
20140304,9:39:14.514,N,ALG,,52.12,4,53,2,R,N,N,947122,0,0,A,C
20140304,9:39:14.517,Y,ALG,,52.12,1,53,3,R,Y,Y,947123,0,0,A,C
20140304,9:39:14.520,N,ALG,,52.12,4,53,2,R,N,N,947124,0,0,A,C
20140304,9:39:14.527,N,ALG,,52.12,4,53,1,R,N,N,947127,0,0,A,C
20140304,9:39:14.541,Y,ALG,,52.12,1,53.56,1,R,Y,Y,947134,0,0,A,C
20140304,9:39:14.544,Y,ALG,,52.12,1,52.99,3,R,Y,Y,947136,6,0,A,C
20140304,9:39:14.565,P,ALG,,52.12,2,52.99,2,R,P,P,947169,0,0,,C
20140304,9:39:14.571,K,ALG,,48.07,1,52.84,1,R,K,K,947172,6,0,,C
20140304,9:39:14.571,N,ALG,,52.12,4,53,1,R,N,N,947173,0,0,A,C
20140304,9:39:14.572,N,ALG,,52.12,4,53,1,R,N,N,947174,0,0,A,C
20140304,9:39:14.574,Z,ALG,,51.8,1,53.2,2,R,Z,Z,947176,0,0,,C
20140304,9:39:14.574,P,ALG,,52.12,2,52.99,1,R,P,P,947177,0,0,,C
20140304,9:39:14.575,Y,ALG,,52.12,1,53.56,1,R,Y,Y,947180,0,0,A,C
20140304,9:39:14.578,Y,ALG,,52.12,1,52.84,3,R,Y,Y,947185,6,0,,C
20140304,9:39:14.593,P,ALG,,52.12,2,52.84,1,R,P,P,947239,0,0,,C
20140304,9:39:14.601,P,ALG,,52.12,2,52.84,2,R,P,P,947244,0,0,,C
20140304,9:39:14.689,T,ALG,,52,1,52.84,1,R,T,T,947309,0,0,,C
20140304,9:39:15.706,P,ALG,,52.12,2,52.84,3,R,P,P,949930,0,0,,C
20140304,9:39:15.706,N,ALG,,52.12,4,52.84,1,R,N,N,949932,0,0,A,C
20140304,9:39:17.012,J,ALG,,48.07,1,52.84,1,R,J,J,951546,0,0,,C
20140304,9:39:19.149,J,ALG,,48.07,1,56.71,1,R,J,J,954819,0,0,,C
20140304,9:39:21.813,P,ALG,,52.12,2,52.83,1,R,P,P,959946,6,0,,C
20140304,9:39:21.814,P,ALG,,52.12,2,52.83,2,R,P,P,959948,6,0,,C
20140304,9:39:21.815,N,ALG,,52.12,4,52.83,1,R,N,N,959949,0,0,A,C
20140304,9:39:21.816,P,ALG,,52.12,2,52.83,3,R,P,P,959951,6,0,,C
20140304,9:39:21.816,P,ALG,,52.12,2,52.83,4,R,P,P,959952,6,0,,C
20140304,9:39:21.817,Z,ALG,,51.8,1,53.2,1,R,Z,Z,959953,0,0,,C
20140304,9:39:21.817,Y,ALG,,52.12,1,53.56,1,R,Y,Y,959955,0,0,A,C
20140304,9:39:21.818,Y,ALG,,51.07,1,53.56,1,R,Y,Y,959957,0,0,A,C
20140304,9:39:21.819,Y,ALG,,51.07,1,52.83,3,R,Y,Y,959958,0,0,A,C
20140304,9:39:21.820,W,ALG,,51.34,1,53.63,2,R,W,W,959960,0,0,,C
20140304,9:39:21.826,Y,ALG,,51.07,1,52.83,3,R,Y,Y,959963,0,0,A,C
20140304,9:39:21.827,N,ALG,,52.12,4,52.83,1,R,N,N,959964,0,0,A,C
20140304,9:39:21.910,T,ALG,,52,1,53.2,1,R,T,T,960022,0,0,,C
20140304,9:39:21.910,P,ALG,,52.12,2,52.83,3,R,P,P,960023,6,0,,C
20140304,9:39:21.911,N,ALG,,52.12,4,52.88,1,R,N,N,960024,0,0,A,C
20140304,9:39:21.912,Y,ALG,,51.07,1,52.83,3,R,Y,Y,960026,6,0,A,C
20140304,9:39:21.928,P,ALG,,52.12,1,52.83,3,R,P,P,960046,6,0,,C
20140304,9:39:21.937,T,ALG,,52,1,52.83,1,R,T,T,960049,0,0,,C
20140304,9:39:22.008,J,ALG,,52.12,1,56.71,1,R,J,J,960086,0,0,,C
20140304,9:39:22.151,P,ALG,,52.12,1,52.83,4,R,P,P,961058,6,0,,C
20140304,9:39:22.151,N,ALG,,52.12,4,52.83,1,R,N,N,961060,0,0,A,C
20140304,9:39:22.152,Y,ALG,,51.07,1,52.83,3,R,Y,Y,961061,0,0,A,C
20140304,9:39:22.169,N,ALG,,52.12,4,52.84,1,R,N,N,961074,0,0,A,C
20140304,9:39:22.170,P,ALG,,52.12,1,52.83,3,R,P,P,961076,6,0,,C
20140304,9:39:23.154,N,ALG,,52.12,4,52.86,1,R,N,N,961796,0,0,A,C
20140304,9:39:24.455,J,ALG,,52.12,1,52.82,1,R,J,J,963377,6,0,,C
20140304,9:39:24.460,P,ALG,,52.12,1,52.82,1,R,P,P,963384,0,0,,C
20140304,9:39:24.460,P,ALG,,52.12,1,52.82,2,R,P,P,963385,6,0,,C
20140304,9:39:24.461,Y,ALG,,51.07,1,53.56,1,R,Y,Y,963386,0,0,A,C
20140304,9:39:24.461,P,ALG,,52.12,1,52.82,3,R,P,P,963387,6,0,,C
20140304,9:39:24.461,W,ALG,,51.34,1,53.63,1,R,W,W,963388,0,0,,C
20140304,9:39:24.461,N,ALG,,52.12,4,52.82,1,R,N,N,963389,0,0,A,C
20140304,9:39:24.462,P,ALG,,52.12,1,52.82,2,R,P,P,963390,6,0,,C
20140304,9:39:24.463,J,ALG,,52.12,1,56.71,1,R,J,J,963394,0,0,,C
20140304,9:39:24.464,J,ALG,,52.12,1,52.82,3,R,J,J,963395,6,0,,C
20140304,9:39:24.489,P,ALG,,52.12,1,52.82,3,R,P,P,963440,0,0,,C
20140304,9:39:24.552,T,ALG,,52,1,53.2,1,R,T,T,963465,0,0,,C
20140304,9:39:24.572,P,ALG,,52.12,1,52.82,4,R,P,P,963508,6,0,,C
20140304,9:39:27.011,Y,ALG,,51.07,1,52.82,1,R,Y,Y,966193,0,0,A,C
20140304,9:39:27.011,Z,ALG,,51.8,1,52.82,1,R,Z,Z,966194,0,0,,C
20140304,9:39:37.111,N,ALG,,52.12,5,52.82,1,R,N,N,979169,6,0,A,C
20140304,9:39:37.112,P,ALG,,52.12,1,52.68,1,R,P,P,979173,6,0,,C
20140304,9:39:37.112,N,ALG,,52.12,5,52.68,1,R,N,N,979176,0,0,A,C
20140304,9:39:37.113,N,ALG,,52.12,5,52.68,1,R,N,N,979181,0,0,,C
20140304,9:39:37.114,Z,ALG,,51.8,1,53.2,1,R,Z,Z,979187,0,0,,C
20140304,9:39:37.114,Y,ALG,,51.07,1,53.56,1,R,Y,Y,979188,0,0,A,C
20140304,9:39:37.115,P,ALG,,52.12,1,52.68,2,R,P,P,979190,6,0,,C
20140304,9:39:37.117,P,ALG,,52.12,1,52.68,1,R,P,P,979194,6,0,,C
20140304,9:39:37.119,K,ALG,,48.07,1,52.68,1,R,K,K,979195,0,0,,C
20140304,9:39:37.121,W,ALG,,51.34,1,53.74,1,R,W,W,979198,0,0,,C
20140304,9:39:37.122,W,ALG,,51.34,1,53.47,1,R,W,W,979200,0,0,,C
20140304,9:39:37.138,N,ALG,,52.12,4,52.68,1,R,N,N,979231,6,0,,C
20140304,9:39:37.174,N,ALG,,52.12,4,52.68,1,R,N,N,979236,0,0,A,C
20140304,9:39:37.250,P,ALG,,52.12,1,52.68,2,R,P,P,980335,6,0,,C
20140304,9:39:37.264,T,ALG,,52,1,53,1,R,T,T,980350,0,0,,C
20140304,9:39:37.264,Z,ALG,,51.8,1,53,1,R,Z,Z,980351,0,0,,C
20140304,9:39:37.818,P,ALG,,52.12,1,52.68,1,R,P,P,981555,6,0,,C
20140304,9:39:38.949,J,ALG,,48.07,1,52.82,3,R,J,J,983045,0,0,,C
20140304,9:39:40.544,Z,ALG,,52.12,1,53,1,R,Z,Z,985160,0,0,,C
20140304,9:39:44.565,Y,ALG,,51.07,1,53.56,1,R,Y,Y,989954,0,0,A,C
20140304,9:39:44.570,N,ALG,,52.12,4,52.68,1,R,N,N,989957,0,0,A,C
20140304,9:39:52.609,N,ALG,,52.12,4,52.68,2,R,N,N,1003233,1,0,A,C
20140304,9:39:52.620,Y,ALG,,51.07,1,53.56,1,R,Y,Y,1003244,0,0,A,C
20140304,9:39:52.635,Y,ALG,,51.07,1,53.56,1,R,Y,Y,1003262,0,0,A,C
20140304,9:39:52.636,N,ALG,,52.12,4,52.68,2,R,N,N,1003263,0,0,A,C
20140304,9:39:52.636,Y,ALG,,51.07,1,53.56,1,R,Y,Y,1003264,0,0,A,C
20140304,9:39:52.636,N,ALG,,52.12,4,52.68,2,R,N,N,1003266,0,0,A,C
20140304,9:39:55.024,P,ALG,,52.13,1,52.68,1,R,P,P,1009849,6,0,,C
20140304,9:39:55.025,P,ALG,,52.13,2,52.68,1,R,P,P,1009854,6,0,,C
20140304,9:39:55.025,N,ALG,,52.13,1,52.68,2,R,N,N,1009856,0,0,A,C
20140304,9:39:55.025,N,ALG,,52.13,2,52.68,2,R,N,N,1009858,0,0,A,C
20140304,9:39:55.026,N,ALG,,52.13,3,52.68,2,R,N,N,1009861,1,0,A,C
20140304,9:39:55.030,N,ALG,,52.14,1,52.68,2,R,N,N,1009872,1,0,A,C
20140304,9:39:55.031,N,ALG,,52.14,3,52.68,2,R,N,N,1009873,1,0,A,C
20140304,9:39:55.458,Z,ALG,,51.8,1,53,1,R,Z,Z,1010491,0,0,,C
20140304,9:39:56.660,B,ALG,,0,0,0,0,R,B,B,1011884,0,0,,C
20140304,9:39:56.697,B,ALG,,52.14,1,0,0,R,B,B,1011926,0,0,,C
20140304,9:39:59.039,P,ALG,,52.14,1,52.68,1,R,P,P,1015304,0,0,,C
20140304,9:39:59.039,N,ALG,,52.14,4,52.68,2,R,N,N,1015305,1,0,A,C
20140304,9:40:00.977,J,ALG,,52.14,1,52.82,3,R,J,J,1022432,0,0,,C
20140304,9:40:01.100,N,ALG,,52.14,4,52.68,1,R,N,N,1023236,6,0,A,C
20140304,9:40:07.663,N,ALG,,52.15,2,52.68,1,R,N,N,1035638,6,0,A,C
20140304,9:40:07.663,N,ALG,,52.15,4,52.68,1,R,N,N,1035639,6,0,A,C
20140304,9:40:07.664,P,ALG,,52.15,1,52.68,1,R,P,P,1035640,0,0,,C
20140304,9:40:07.664,N,ALG,,52.15,5,52.68,1,R,N,N,1035641,6,0,A,C
20140304,9:40:07.688,N,ALG,,52.16,1,52.68,1,R,N,N,1035694,6,0,A,C
20140304,9:40:07.689,N,ALG,,52.16,3,52.68,1,R,N,N,1035698,6,0,A,C
20140304,9:40:07.797,N,ALG,,52.16,3,52.68,2,R,N,N,1036349,1,0,A,C
20140304,9:40:09.469,B,ALG,,0,0,0,0,R,B,B,1040336,0,0,,C
20140304,9:40:09.504,B,ALG,,52.16,1,0,0,R,B,B,1040415,0,0,,C
20140304,9:40:10.886,J,ALG,,48.07,1,52.82,3,R,J,J,1044445,0,0,,C
20140304,9:40:10.937,N,ALG,,52.16,4,52.68,2,R,N,N,1044599,1,0,A,C
20140304,9:40:10.937,P,ALG,,52.16,1,52.68,1,R,P,P,1044600,0,0,,C
20140304,9:40:12.806,P,ALG,,52.15,1,52.68,1,R,P,P,1047753,0,0,,C
20140304,9:40:12.806,N,ALG,,52.16,3,52.68,2,R,N,N,1047754,1,0,A,C
20140304,9:40:15.008,J,ALG,,52.16,1,52.82,3,R,J,J,1051216,0,0,,C
20140304,9:40:16.134,P,ALG,,52.16,1,52.68,1,R,P,P,1053012,0,0,,C
20140304,9:40:16.134,N,ALG,,52.16,4,52.68,2,R,N,N,1053015,1,0,A,C
20140304,9:40:17.013,J,ALG,,48.07,1,52.82,3,R,J,J,1054913,0,0,,C
20140304,9:40:18.161,Y,ALG,,52.16,1,53.56,1,R,Y,Y,1056222,0,0,A,C
20140304,9:40:18.297,N,ALG,,52.16,3,52.68,2,R,N,N,1056465,1,0,A,C
20140304,9:40:18.299,P,ALG,,52.15,1,52.68,1,R,P,P,1056503,0,0,,C
20140304,9:40:21.590,P,ALG,,52.16,1,52.68,1,R,P,P,1060323,0,0,,C
20140304,9:40:21.591,N,ALG,,52.16,4,52.68,2,R,N,N,1060324,1,0,A,C
20140304,9:40:22.560,P,ALG,,52.15,1,52.68,1,R,P,P,1062626,0,0,,C
20140304,9:40:22.561,N,ALG,,52.16,3,52.68,2,R,N,N,1062627,1,0,A,C
20140304,9:40:25.744,P,ALG,,52.16,1,52.68,1,R,P,P,1069027,0,0,,C
20140304,9:40:25.744,N,ALG,,52.16,4,52.68,2,R,N,N,1069028,1,0,A,C
20140304,9:40:27.018,Y,ALG,,51.07,1,53.56,1,R,Y,Y,1072891,0,0,A,C
20140304,9:40:29.007,Z,ALG,,52.16,1,53,1,R,Z,Z,1075211,0,0,,C
20140304,9:40:29.007,T,ALG,,52.16,1,53,1,R,T,T,1075249,0,0,,C
20140304,9:40:29.897,P,ALG,,52.16,2,52.68,1,R,P,P,1079921,0,0,,C
20140304,9:40:30.279,P,ALG,,52.16,1,52.68,1,R,P,P,1081206,0,0,,C
20140304,9:40:30.670,N,ALG,,52.16,3,52.68,2,R,N,N,1082749,1,0,A,C
20140304,9:40:31.744,P,ALG,,52.16,2,52.68,1,R,P,P,1086506,0,0,,C
20140304,9:40:31.744,N,ALG,,52.16,4,52.68,2,R,N,N,1086507,1,0,A,C
20140304,9:40:32.014,Z,ALG,,51.8,1,53,1,R,Z,Z,1086739,0,0,,C
20140304,9:40:32.014,T,ALG,,52,1,53,1,R,T,T,1086740,0,0,,C
20140304,9:40:33.051,P,ALG,,52.16,2,52.82,2,R,P,P,1088775,0,0,,C
20140304,9:40:33.081,N,ALG,,52.16,4,52.68,3,R,N,N,1088820,1,0,A,C
20140304,9:40:33.083,T,ALG,,52.16,1,53,1,R,T,T,1088821,0,0,,C
20140304,9:40:35.829,K,ALG,,52.16,1,52.68,1,R,K,K,1093351,0,0,,C
20140304,9:40:35.829,Z,ALG,,52.16,1,53,1,R,Z,Z,1093352,0,0,,C
20140304,9:40:37.452,P,ALG,,52.16,1,52.82,2,R,P,P,1094903,0,0,,C
20140304,9:40:37.452,N,ALG,,52.16,3,52.68,3,R,N,N,1094904,1,0,A,C
20140304,9:40:44.907,N,ALG,,52.16,3,52.68,2,R,N,N,1105724,1,0,A,C
20140304,9:40:52.019,K,ALG,,48.07,1,52.68,1,R,K,K,1115300,0,0,,C
20140304,9:40:52.019,Z,ALG,,51.8,1,53,1,R,Z,Z,1115301,0,0,,C
20140304,9:40:52.182,Z,ALG,,52.16,1,53,1,R,Z,Z,1116855,0,0,,C
20140304,9:40:52.440,N,ALG,,52.16,2,52.68,2,R,N,N,1118905,1,0,A,C
20140304,9:40:52.441,N,ALG,,52.16,1,52.68,2,R,N,N,1118907,6,0,A,C
20140304,9:40:54.181,Z,ALG,,51.8,1,53,1,R,Z,Z,1133296,0,0,,C
20140304,9:40:54.967,Z,ALG,,52.16,1,53,1,R,Z,Z,1135615,0,0,,C
20140304,9:40:56.700,N,ALG,,52.16,1,52.68,1,R,N,N,1141014,6,0,A,C
20140304,9:41:07.562,N,ALG,,52.17,2,52.68,1,R,N,N,1167012,6,0,A,C
20140304,9:41:07.562,N,ALG,,52.17,4,52.68,1,R,N,N,1167013,6,0,A,C
20140304,9:41:07.562,P,ALG,,52.17,1,52.82,2,R,P,P,1167014,0,0,,C
20140304,9:41:07.572,N,ALG,,52.18,1,52.68,1,R,N,N,1167074,6,0,A,C
20140304,9:41:07.572,N,ALG,,52.18,3,52.68,1,R,N,N,1167078,6,0,A,C
20140304,9:41:09.816,B,ALG,,0,0,0,0,R,B,B,1170890,0,0,,C
20140304,9:41:09.852,J,ALG,,52.18,1,52.82,3,R,J,J,1170927,0,0,,C
20140304,9:41:10.791,Z,ALG,,51.8,1,53,1,R,Z,Z,1172320,0,0,,C
20140304,9:41:12.024,Y,ALG,,52.18,1,53.56,1,R,Y,Y,1173597,0,0,A,C
20140304,9:41:16.294,N,ALG,,52.18,3,52.82,1,R,N,N,1179052,0,0,A,C
20140304,9:41:16.294,Y,ALG,,52.18,1,53.56,1,R,Y,Y,1179054,0,0,A,C
20140304,9:41:16.295,P,ALG,,52.17,1,52.82,1,R,P,P,1179055,0,0,,C
20140304,9:41:16.295,T,ALG,,52.16,1,53.2,1,R,T,T,1179060,0,0,,C
20140304,9:41:16.295,N,ALG,,52.18,3,52.84,1,R,N,N,1179064,0,0,A,C
20140304,9:41:16.295,Z,ALG,,51.8,1,53.2,1,R,Z,Z,1179067,0,0,,C
20140304,9:41:16.295,K,ALG,,48.07,1,52.73,1,R,K,K,1179069,6,0,,C
20140304,9:41:16.296,N,ALG,,52.18,3,52.84,1,R,N,N,1179070,0,0,A,C
20140304,9:41:16.296,N,ALG,,52.18,3,52.86,1,R,N,N,1179071,0,0,A,C
20140304,9:41:16.297,N,ALG,,52.18,3,53,1,R,N,N,1179072,0,0,A,C
20140304,9:41:16.297,P,ALG,,52.17,1,53.01,1,R,P,P,1179073,0,0,,C
20140304,9:41:16.298,T,ALG,,52.16,1,53.72,1,R,T,T,1179074,0,0,,C
20140304,9:41:16.298,J,ALG,,52.18,1,56.71,1,R,J,J,1179075,0,0,,C
20140304,9:41:16.299,Z,ALG,,51.8,1,53.46,1,R,Z,Z,1179077,0,0,,C
20140304,9:41:16.305,N,ALG,,52.18,3,53,2,R,N,N,1179124,0,0,A,C
20140304,9:41:16.455,T,ALG,,52.16,1,53.2,1,R,T,T,1179447,0,0,,C
20140304,9:41:16.455,Z,ALG,,51.8,1,53.2,1,R,Z,Z,1179448,0,0,,C
20140304,9:41:19.898,P,ALG,,52.17,1,53,1,R,P,P,1185828,0,0,,C
20140304,9:41:19.899,N,ALG,,52.18,3,53,3,R,N,N,1185845,0,0,A,C
20140304,9:41:20.011,P,ALG,,52.17,1,53.01,1,R,P,P,1185962,0,0,,C
20140304,9:41:23.322,P,ALG,,52.18,1,53.01,1,R,P,P,1190608,0,0,,C
20140304,9:41:28.142,Z,ALG,,52.18,1,53.2,1,R,Z,Z,1196730,0,0,,C
20140304,9:41:29.747,K,ALG,,48.07,1,53.05,1,R,K,K,1200271,6,0,,C
20140304,9:41:29.750,P,ALG,,52.18,1,52.99,1,R,P,P,1200272,6,0,,C
20140304,9:41:29.750,W,ALG,,51.14,1,53.47,1,R,W,W,1200273,0,0,,C
20140304,9:41:29.751,W,ALG,,51.14,1,53.82,1,R,W,W,1200274,0,0,,C
20140304,9:41:29.751,W,ALG,,51.4,1,53.82,1,R,W,W,1200275,0,0,,C
20140304,9:41:29.751,W,ALG,,51.4,1,53.8,1,R,W,W,1200276,0,0,,C
20140304,9:41:29.751,W,ALG,,51.4,1,53.74,1,R,W,W,1200277,0,0,,C
20140304,9:41:29.752,N,ALG,,52.18,3,52.99,1,R,N,N,1200284,0,0,A,C
20140304,9:41:29.753,Y,ALG,,52.18,1,52.99,1,R,Y,Y,1200285,0,0,A,C
20140304,9:41:29.753,J,ALG,,52.18,1,52.99,1,R,J,J,1200286,0,0,,C
20140304,9:41:29.757,Y,ALG,,52.18,1,52.99,1,R,Y,Y,1200287,0,0,A,C
20140304,9:41:29.778,P,ALG,,52.18,1,52.99,2,R,P,P,1200295,6,0,,C
20140304,9:41:29.794,N,ALG,,52.18,3,52.99,1,R,N,N,1200305,0,0,A,C
20140304,9:41:29.818,T,ALG,,52.16,1,52.99,6,R,T,T,1200342,6,0,,C
20140304,9:41:29.818,T,ALG,,52.16,1,52.99,7,R,T,T,1200343,6,0,,C
20140304,9:41:29.821,P,ALG,,52.18,1,52.98,1,R,P,P,1200345,6,0,,C
20140304,9:41:29.821,P,ALG,,52.18,1,52.98,2,R,P,P,1200346,6,0,,C
20140304,9:41:29.822,Y,ALG,,52.18,1,53.56,1,R,Y,Y,1200347,0,0,A,C
20140304,9:41:29.822,J,ALG,,52.18,1,56.71,1,R,J,J,1200348,0,0,,C
20140304,9:41:29.826,P,ALG,,52.18,1,52.98,1,R,P,P,1200351,6,0,,C
20140304,9:41:29.853,J,ALG,,52.18,1,52.98,3,R,J,J,1200390,6,0,,C
20140304,9:41:29.857,P,ALG,,52.18,1,52.98,2,R,P,P,1200393,0,0,,C
20140304,9:41:31.595,T,ALG,,52.16,1,52.98,1,R,T,T,1202688,0,0,,C
20140304,9:41:33.503,N,ALG,,52.18,3,52.98,1,R,N,N,1206432,0,0,A,C
20140304,9:41:34.928,Y,ALG,,52.18,1,52.98,1,R,Y,Y,1209121,0,0,A,C
20140304,9:41:35.845,Y,ALG,,52.18,1,53.56,1,R,Y,Y,1210424,0,0,A,C
20140304,9:41:36.835,N,ALG,,52.18,3,52.98,2,R,N,N,1211932,0,0,A,C
20140304,9:41:44.776,K,ALG,,48.07,1,53.03,1,R,K,K,1222379,0,0,,C
20140304,9:41:46.598,T,ALG,,52.16,1,52.97,1,R,T,T,1224581,6,0,,C
20140304,9:41:46.599,N,ALG,,52.18,3,52.97,1,R,N,N,1224585,0,0,A,C
20140304,9:41:46.603,P,ALG,,52.18,1,52.97,1,R,P,P,1224588,0,0,,C
20140304,9:41:46.603,P,ALG,,52.18,1,52.97,2,R,P,P,1224589,6,0,,C
20140304,9:41:46.604,W,ALG,,51.4,1,53.8,1,R,W,W,1224590,0,0,,C
20140304,9:41:46.604,J,ALG,,52.18,1,52.98,2,R,J,J,1224591,0,0,,C
20140304,9:41:46.604,J,ALG,,52.18,1,56.71,1,R,J,J,1224592,0,0,,C
20140304,9:41:46.605,P,ALG,,52.18,1,52.97,1,R,P,P,1224593,6,0,,C
20140304,9:41:46.611,N,ALG,,52.18,4,52.97,1,R,N,N,1224598,6,0,A,C
20140304,9:41:46.634,J,ALG,,52.18,1,52.97,2,R,J,J,1224625,6,0,,C
20140304,9:41:46.634,Y,ALG,,52.18,1,53.56,1,R,Y,Y,1224626,0,0,A,C
20140304,9:41:46.638,J,ALG,,52.18,1,56.71,1,R,J,J,1224627,6,0,,C
20140304,9:41:46.638,Y,ALG,,52.18,1,53.56,1,R,Y,Y,1224628,0,0,A,C
20140304,9:41:59.807,K,ALG,,48.07,1,53.02,1,R,K,K,1245445,0,0,,C
20140304,9:42:05.524,N,ALG,,52.19,2,52.97,1,R,N,N,1251946,6,0,A,C
20140304,9:42:05.524,N,ALG,,52.19,4,52.97,1,R,N,N,1251947,6,0,A,C
20140304,9:42:05.526,Y,ALG,,51.07,1,53.56,1,R,Y,Y,1251949,0,0,A,C
20140304,9:42:05.527,Z,ALG,,51.8,1,53.2,1,R,Z,Z,1251951,0,0,,C
20140304,9:42:05.528,P,ALG,,52.19,1,52.97,1,R,P,P,1251959,0,0,,C
20140304,9:42:05.530,Y,ALG,,51.07,1,53.56,1,R,Y,Y,1251961,0,0,A,C
20140304,9:42:05.530,J,ALG,,52.18,1,52.97,2,R,J,J,1251963,6,0,,C
20140304,9:42:05.532,Y,ALG,,51.07,1,53.56,1,R,Y,Y,1251965,0,0,A,C
20140304,9:42:05.534,J,ALG,,52.18,1,56.71,1,R,J,J,1251967,6,0,,C
20140304,9:42:05.544,N,ALG,,52.19,4,52.97,1,R,N,N,1251978,0,0,A,C
20140304,9:42:05.568,N,ALG,,52.2,1,52.97,1,R,N,N,1252009,6,0,A,C
20140304,9:42:05.568,N,ALG,,52.2,3,52.97,1,R,N,N,1252011,6,0,A,C
20140304,9:42:05.577,J,ALG,,52.18,1,52.97,2,R,J,J,1252045,6,0,,C
20140304,9:42:05.578,Y,ALG,,51.07,1,53.56,1,R,Y,Y,1252050,0,0,A,C
20140304,9:42:05.580,J,ALG,,52.18,1,56.71,1,R,J,J,1252054,6,0,,C
20140304,9:42:05.584,Y,ALG,,51.07,1,53.56,1,R,Y,Y,1252064,0,0,A,C
20140304,9:42:05.720,Z,ALG,,52,1,53.2,1,R,Z,Z,1252279,0,0,,C
20140304,9:42:07.523,J,ALG,,48.07,1,56.71,1,R,J,J,1254698,0,0,,C
20140304,9:42:07.559,P,ALG,,52.2,1,52.97,1,R,P,P,1254730,0,0,,C
