symbol,DATE,TIME_M,EX,TR_SCOND,SIZE,PRICE
HZO,20140304,9:30:01.428,N,O,915,14.25
HZO,20140304,9:30:01.430,N,@,1116,14.25
HZO,20140304,9:31:23.746,D,@,200,14.392
HZO,20140304,9:31:23.747,D,@,100,14.396
HZO,20140304,9:31:23.747,D,@,100,14.398
HZO,20140304,9:31:23.763,D,@,100,14.4
HZO,20140304,9:31:23.763,D,@,100,14.4
HZO,20140304,9:31:30.356,D,@,100,14.4
HZO,20140304,9:31:30.358,D,@,100,14.4
HZO,20140304,9:32:14.698,N,@,100,14.32
HZO,20140304,9:32:14.700,N,@,100,14.33
HZO,20140304,9:32:16.076,D,@,100,14.38
HZO,20140304,9:32:17.198,D,@,100,14.4
HZO,20140304,9:32:27.366,T,F,100,14.3
HZO,20140304,9:32:27.367,T,Q,100,14.3
HZO,20140304,9:32:30.200,D,@,100,14.456
HZO,20140304,9:32:30.208,D,@,100,14.46
HZO,20140304,9:32:34.117,D,@,200,14.49
HZO,20140304,9:32:34.117,D,@,100,14.49
HZO,20140304,9:32:39.798,D,@,8000,14.25
HZO,20140304,9:32:39.800,Z,@,200,14.43
HZO,20140304,9:32:39.801,Z,@,200,14.44
HZO,20140304,9:32:41.163,N,F,100,14.49
HZO,20140304,9:32:59.082,D,@,100,14.48
HZO,20140304,9:32:59.082,D,@,100,14.48
HZO,20140304,9:33:09.042,K,@,100,14.46
HZO,20140304,9:33:43.465,N,@,100,14.47
HZO,20140304,9:33:43.466,N,I,19,14.47
HZO,20140304,9:33:43.468,N,I,81,14.5
HZO,20140304,9:33:43.500,N,F,200,14.5
HZO,20140304,9:33:43.502,N,F,100,14.5
HZO,20140304,9:34:08.078,N,@,300,14.47
HZO,20140304,9:34:08.091,T,@,100,14.49
HZO,20140304,9:34:08.107,P,Q,100,14.47
HZO,20140304,9:34:08.107,P,F,100,14.47
HZO,20140304,9:34:08.107,P,F,100,14.47
HZO,20140304,9:34:08.107,P,F I,1,14.47
HZO,20140304,9:34:08.107,P,F,100,14.47
HZO,20140304,9:34:08.127,P,F,100,14.47
HZO,20140304,9:34:10.442,B,I,7,14.42
HZO,20140304,9:35:12.227,N,@,100,14.48
HZO,20140304,9:35:12.227,N,@,100,14.5
HZO,20140304,9:35:20.078,D,@,100,14.39
HZO,20140304,9:35:20.083,D,@,100,14.39
HZO,20140304,9:35:20.092,D,@,100,14.445
HZO,20140304,9:35:20.092,Z,@,100,14.445
HZO,20140304,9:35:20.093,D,@,100,14.445
HZO,20140304,9:35:20.102,D,@,100,14.445
HZO,20140304,9:35:20.103,D,@,100,14.445
HZO,20140304,9:35:20.103,D,@,100,14.445
HZO,20140304,9:35:20.108,D,@,100,14.39
HZO,20140304,9:35:20.110,D,@,100,14.39
HZO,20140304,9:35:53.625,B,@,100,14.5
HZO,20140304,9:36:53.298,N,I,2,14.5
HZO,20140304,9:37:25.462,N,@,100,14.5
HZO,20140304,9:37:27.605,T,F I,1,14.49
HZO,20140304,9:38:54.318,N,@,200,14.5
HZO,20140304,9:39:17.304,P,F,100,14.5
HZO,20140304,9:39:17.304,T,F I,99,14.49
HZO,20140304,9:39:17.304,K,F,200,14.5
HZO,20140304,9:39:17.304,T,F I,1,14.5
HZO,20140304,9:39:17.305,T,F,100,14.5
HZO,20140304,9:39:17.305,T,F I,99,14.5
HZO,20140304,9:39:17.309,N,@,100,14.56
HZO,20140304,9:39:17.324,K,I,17,14.5
HZO,20140304,9:39:44.126,N,I,17,14.64
HZO,20140304,9:39:44.126,N,I,83,14.65
HZO,20140304,9:40:23.162,D,@,200,14.65
HZO,20140304,9:41:23.628,N,@,100,14.64
HZO,20140304,9:41:39.159,K,F,100,14.66
HZO,20140304,9:41:51.217,D,@,100,14.62
HZO,20140304,9:41:52.008,T,@,100,14.68
HZO,20140304,9:41:54.726,B,I,52,14.62
HZO,20140304,9:41:54.727,D,@,100,14.63
HZO,20140304,9:41:54.727,N,@,100,14.62
HZO,20140304,9:41:54.728,B,I,48,14.62
HZO,20140304,9:41:54.728,Y,@,100,14.61
HZO,20140304,9:41:54.729,B,I,52,14.61
HZO,20140304,9:41:54.729,P,I,1,14.61
HZO,20140304,9:41:54.729,N,@,100,14.61
HZO,20140304,9:41:54.729,T,I,40,14.61
HZO,20140304,9:41:54.730,P,I,52,14.61
HZO,20140304,9:41:54.730,P,F I,1,14.61
HZO,20140304,9:41:54.730,P,I,47,14.61
HZO,20140304,9:41:54.733,K,F I,52,14.56
HZO,20140304,9:41:54.743,P,@,100,14.61
HZO,20140304,9:41:54.884,P,@,100,14.61
HZO,20140304,9:41:54.885,P,I,52,14.61
HZO,20140304,9:41:55.045,D,@,100,14.645
HZO,20140304,9:42:26.756,N,@,100,14.67
HZO,20140304,9:43:37.561,N,@,100,14.67
HZO,20140304,9:43:37.564,D,@,100,14.64
HZO,20140304,9:44:30.369,P,@,100,14.65
HZO,20140304,9:44:30.373,N,@,100,14.66
HZO,20140304,9:44:30.378,Z,@,100,14.635
HZO,20140304,9:45:28.223,N,@,100,14.68
HZO,20140304,9:45:29.214,B,F I,10,14.61
HZO,20140304,9:45:29.225,D,@,100,14.6
HZO,20140304,9:45:33.226,N,@,100,14.68
HZO,20140304,9:46:02.031,P,@,100,14.68
HZO,20140304,9:47:16.327,N,@,200,14.69
HZO,20140304,9:48:50.245,N,@,200,14.69
HZO,20140304,9:48:50.253,K,I,20,14.66
HZO,20140304,9:48:50.393,T,I,80,14.68
HZO,20140304,9:49:36.301,T,I,20,14.68
HZO,20140304,9:49:43.061,D,I,2,14.62
HZO,20140304,9:50:24.161,N,@,100,14.68
HZO,20140304,9:50:24.163,D,@,100,14.68
HZO,20140304,9:50:40.847,P,@,100,14.68
HZO,20140304,9:50:40.913,P,F,100,14.68
HZO,20140304,9:51:58.080,T,@,100,14.69
HZO,20140304,9:51:58.080,P,I,90,14.69
HZO,20140304,9:51:58.080,P,F I,10,14.69
HZO,20140304,9:51:58.080,P,F I,92,14.69
HZO,20140304,9:52:00.658,K,I,2,14.68
HZO,20140304,9:53:28.851,D,@,200,14.75
HZO,20140304,9:53:28.860,P,I,2,14.74
HZO,20140304,9:53:28.860,Z,I,2,14.74
HZO,20140304,9:53:28.860,P,I,98,14.75
HZO,20140304,9:53:28.860,Z,I,98,14.75
HZO,20140304,9:53:28.863,P,I,2,14.79
HZO,20140304,9:53:30.749,D,@,100,14.765
HZO,20140304,9:53:59.206,X,@,100,14.81
HZO,20140304,9:54:39.877,T,I,30,14.86
HZO,20140304,9:54:39.880,Z,I,70,14.85
HZO,20140304,9:54:59.627,D,@,100,14.87
HZO,20140304,9:55:41.165,D,@,100,14.82
HZO,20140304,9:56:30.385,D,@,200,14.86
HZO,20140304,9:57:06.797,P,@,100,14.83
HZO,20140304,9:57:06.798,D,@,100,14.845
HZO,20140304,9:57:06.798,N,@,200,14.83
HZO,20140304,9:57:06.798,D,@,100,14.845
HZO,20140304,9:57:06.798,Z,@,100,14.845
HZO,20140304,9:57:06.798,T,@,100,14.84
HZO,20140304,9:57:06.798,K,@,100,14.845
HZO,20140304,9:57:06.799,P,I,1,14.79
HZO,20140304,9:57:06.799,T,I,28,14.79
HZO,20140304,9:57:06.800,T,@,100,14.83
HZO,20140304,9:57:06.802,D,@,100,14.832
HZO,20140304,9:57:06.805,D,@,100,14.84
HZO,20140304,9:57:06.951,P,@,100,14.83
HZO,20140304,9:57:06.952,Z,@,100,14.83
HZO,20140304,9:57:06.953,P,@,100,14.83
HZO,20140304,9:57:17.093,K,F,100,14.82
HZO,20140304,9:57:17.093,N,F,100,14.82
HZO,20140304,9:57:28.612,D,@,200,14.878
HZO,20140304,9:57:30.053,B,I,68,14.83
HZO,20140304,9:57:30.053,D,@,100,14.865
HZO,20140304,9:57:30.055,B,I,32,14.83
HZO,20140304,9:57:30.659,N,@,200,14.84
HZO,20140304,9:57:30.659,N,@,100,14.83
HZO,20140304,9:57:43.670,D,@,100,14.87
HZO,20140304,9:57:43.680,D,@,300,14.87
HZO,20140304,9:57:43.680,D,@,400,14.87
HZO,20140304,9:59:25.172,T,@,100,14.85
HZO,20140304,9:59:33.671,K,@,100,14.85
HZO,20140304,9:59:44.150,K,@,193,14.85
HZO,20140304,10:00:03.128,D,@,100,14.835
HZO,20140304,10:00:04.607,K,F,100,14.85
HZO,20140304,10:00:04.693,P,@,100,14.85
HZO,20140304,10:00:04.693,K,@,607,14.85
HZO,20140304,10:00:04.694,N,F,100,14.87
HZO,20140304,10:00:04.696,Z,@,100,14.86
HZO,20140304,10:00:04.705,T,@,100,14.85
HZO,20140304,10:00:04.705,T,@,100,14.85
HZO,20140304,10:00:04.706,B,@,100,14.84
HZO,20140304,10:00:04.802,P,F,100,14.87
HZO,20140304,10:00:14.182,D,@,100,14.9
HZO,20140304,10:00:14.697,D,@,100,14.88
HZO,20140304,10:00:14.883,D,@,100,14.88
HZO,20140304,10:00:25.567,N,@,100,14.9
HZO,20140304,10:00:35.351,Z,@,100,14.885
HZO,20140304,10:00:35.352,D,@,100,14.86
HZO,20140304,10:00:35.352,T,@,100,14.885
HZO,20140304,10:00:35.352,D,@,100,14.865
HZO,20140304,10:00:35.355,D,@,100,14.885
HZO,20140304,10:00:35.358,D,@,100,14.9
HZO,20140304,10:00:35.375,J,@,100,14.885
HZO,20140304,10:00:35.386,D,@,500,14.86
HZO,20140304,10:00:35.389,D,@,500,14.885
HZO,20140304,10:00:45.356,D,@,100,14.885
HZO,20140304,10:00:45.358,K,@,100,14.91
HZO,20140304,10:00:45.370,T,@,100,14.88
HZO,20140304,10:00:45.394,D,@,100,14.9
HZO,20140304,10:00:45.405,B,@,100,14.88
HZO,20140304,10:00:45.407,J,@,100,14.88
HZO,20140304,10:00:45.411,Z,@,100,14.9
HZO,20140304,10:00:46.351,D,@,100,14.9
HZO,20140304,10:00:55.356,D,@,100,14.9
HZO,20140304,10:01:51.128,N,@,100,14.93
HZO,20140304,10:01:51.144,T,@,100,14.88
HZO,20140304,10:03:38.071,Z,@,100,14.9
HZO,20140304,10:03:38.080,P,I,1,14.88
HZO,20140304,10:03:38.080,P,I,1,14.88
HZO,20140304,10:03:38.081,B,F,100,14.88
HZO,20140304,10:03:48.086,N,@,100,14.86
HZO,20140304,10:04:28.072,Z,@,100,14.87
HZO,20140304,10:04:59.454,N,@,100,14.88
HZO,20140304,10:05:23.702,D,@,100,14.88
HZO,20140304,10:05:28.286,P,@,100,14.9
HZO,20140304,10:05:28.517,D,@,100,14.88
HZO,20140304,10:06:00.046,X,@,100,14.93
HZO,20140304,10:06:00.135,P,F,100,14.88
HZO,20140304,10:07:08.011,T,@,100,14.91
HZO,20140304,10:07:08.012,N,@,100,14.91
HZO,20140304,10:07:08.025,D,@,100,14.87
HZO,20140304,10:08:12.973,P,@,100,14.91
HZO,20140304,10:08:12.990,N,@,100,14.87
HZO,20140304,10:08:38.081,T,@,100,14.87
HZO,20140304,10:08:38.194,N,@,100,14.9
HZO,20140304,10:08:38.196,D,@,100,14.9
HZO,20140304,10:08:48.081,P,I,1,14.88
HZO,20140304,10:08:48.081,P,I,99,14.87
HZO,20140304,10:09:48.093,B,@,100,14.87
HZO,20140304,10:10:08.421,J,@,100,14.89
HZO,20140304,10:10:49.633,N,F,200,14.84
HZO,20140304,10:10:49.633,B,F,100,14.84
HZO,20140304,10:10:49.635,K,F I,34,14.84
HZO,20140304,10:10:49.635,K,F I,66,14.82
HZO,20140304,10:10:49.654,P,@,100,14.82
HZO,20140304,10:11:15.201,P,I,1,14.8
HZO,20140304,10:11:15.202,B,F,100,14.8
HZO,20140304,10:11:15.203,Z,F,100,14.8
HZO,20140304,10:11:15.226,K,F,100,14.79
HZO,20140304,10:11:50.895,N,F,200,14.79
HZO,20140304,10:13:03.579,T,@,200,14.84
HZO,20140304,10:13:03.582,T,@,100,14.84
HZO,20140304,10:13:03.582,T,I,5,14.84
HZO,20140304,10:13:03.586,K,@,100,14.84
HZO,20140304,10:13:04.592,T,@,100,14.82
HZO,20140304,10:13:04.592,T,@,200,14.82
HZO,20140304,10:13:04.593,B,I,66,14.8
HZO,20140304,10:13:04.595,N,@,100,14.8
HZO,20140304,10:13:04.597,Z,@,100,14.82
HZO,20140304,10:13:04.601,T,I,66,14.82
HZO,20140304,10:13:04.601,T,I,34,14.82
HZO,20140304,10:13:04.604,P,@,100,14.8
HZO,20140304,10:13:04.681,Z,F,200,14.8
HZO,20140304,10:13:04.681,P,F,100,14.8
HZO,20140304,10:13:04.681,P,F,100,14.8
HZO,20140304,10:13:08.921,N,F I,66,14.8
HZO,20140304,10:14:28.596,N,@,100,14.84
HZO,20140304,10:15:53.652,K,@,100,14.87
HZO,20140304,10:15:53.653,Z,@,200,14.87
HZO,20140304,10:15:53.653,T,F I,5,14.87
HZO,20140304,10:15:53.653,Z,F,100,14.87
HZO,20140304,10:15:56.200,T,@,100,14.87
HZO,20140304,10:15:57.674,K,I,46,14.87
HZO,20140304,10:15:57.674,K,F I,54,14.87
HZO,20140304,10:16:48.971,T,@,100,14.87
HZO,20140304,10:16:48.971,D,@,100,14.87
HZO,20140304,10:16:49.102,D,@,100,14.87
HZO,20140304,10:16:49.104,D,@,100,14.87
HZO,20140304,10:16:51.067,D,@,100,14.87
HZO,20140304,10:16:51.739,D,@,100,14.87
HZO,20140304,10:16:55.960,D,@,100,14.89
HZO,20140304,10:17:18.619,T,@,100,14.87
HZO,20140304,10:18:41.635,J,@,100,14.89
HZO,20140304,10:18:41.636,N,@,100,14.89
HZO,20140304,10:20:04.624,Z,@,100,14.89
HZO,20140304,10:20:04.624,N,@,100,14.89
HZO,20140304,10:21:27.620,J,@,100,14.88
HZO,20140304,10:21:27.621,N,@,100,14.88
HZO,20140304,10:22:05.593,Z,F,200,14.88
HZO,20140304,10:22:05.593,P,F,100,14.88
HZO,20140304,10:22:05.593,T,F I,95,14.87
HZO,20140304,10:22:05.593,T,F I,5,14.88
HZO,20140304,10:22:05.593,T,F I,95,14.88
HZO,20140304,10:22:05.594,T,F I,5,14.88
HZO,20140304,10:22:05.594,Z,F,100,14.91
HZO,20140304,10:22:05.594,Z,@,100,14.88
HZO,20140304,10:22:05.594,T,F I,49,14.88
HZO,20140304,10:22:34.748,D,@,32910,14.86
HZO,20140304,10:22:51.319,N,@,200,14.91
HZO,20140304,10:23:34.264,Z,F,100,14.92
HZO,20140304,10:23:34.264,B,F,100,14.92
HZO,20140304,10:23:36.822,D,I,49,14.95
HZO,20140304,10:23:39.098,D,F,100,14.95
HZO,20140304,10:23:39.099,J,F,100,14.95
HZO,20140304,10:23:39.099,K,F,600,14.95
HZO,20140304,10:24:15.023,K,@,100,14.95
HZO,20140304,10:24:58.600,K,@,100,14.95
HZO,20140304,10:25:01.043,K,F,200,14.95
HZO,20140304,10:25:01.043,K,F,100,14.95
HZO,20140304,10:25:01.054,N,F,100,14.96
HZO,20140304,10:25:38.720,N,@,200,14.98
HZO,20140304,10:25:42.476,N,F,243,14.98
HZO,20140304,10:25:59.565,P,I,59,14.98
HZO,20140304,10:26:08.052,K,I,3,14.99
HZO,20140304,10:27:02.417,K,I,97,14.99
HZO,20140304,10:27:02.417,K,I,3,15
HZO,20140304,10:27:05.533,K,@,100,15
HZO,20140304,10:27:06.321,P,F,100,15
HZO,20140304,10:27:06.321,K,F,897,15
HZO,20140304,10:28:29.689,J,@,100,15.12
HZO,20140304,10:28:29.690,N,@,100,15.11
HZO,20140304,10:28:29.691,T,F I,17,15.1
HZO,20140304,10:28:29.693,P,@,100,15.07
HZO,20140304,10:28:29.693,Z,F I,83,15.07
HZO,20140304,10:28:29.693,N,@,100,15.07
HZO,20140304,10:28:29.695,Z,I,17,15.07
HZO,20140304,10:28:29.696,N,@,100,15.07
HZO,20140304,10:28:29.757,P,@,100,15.07
HZO,20140304,10:28:29.757,T,@,100,15.07
HZO,20140304,10:28:29.832,Z,F,100,15.07
HZO,20140304,10:28:29.832,T,F,157,15.07
HZO,20140304,10:28:29.833,N,F,100,15.07
HZO,20140304,10:28:30.735,P,F,100,15.09
HZO,20140304,10:28:30.735,N,F,100,15.09
HZO,20140304,10:28:41.510,D,I,3,15.11
HZO,20140304,10:28:41.512,D,I,61,15.1399
HZO,20140304,10:29:13.364,K,@,100,15.15
HZO,20140304,10:29:26.047,N,@,100,15.16
HZO,20140304,10:29:38.480,N,@,100,15.16
HZO,20140304,10:29:42.326,N,@,100,15.16
HZO,20140304,10:30:00.361,N,@,100,15.16
HZO,20140304,10:30:00.362,N,@,200,15.16
HZO,20140304,10:30:17.513,T,F,100,15.2
HZO,20140304,10:30:17.513,T,F I,17,15.2
HZO,20140304,10:32:08.353,P,@,100,15.19
HZO,20140304,10:32:08.353,P,I,1,15.17
HZO,20140304,10:32:30.350,N,@,100,15.2
HZO,20140304,10:33:29.358,N,@,100,15.2
HZO,20140304,10:33:29.359,B,F,100,15.2
HZO,20140304,10:33:43.042,Z,F,100,15.2
HZO,20140304,10:33:43.042,B,F,100,15.2
HZO,20140304,10:33:43.043,T,F,100,15.2
HZO,20140304,10:33:43.043,T,F,100,15.2
HZO,20140304,10:33:43.043,P,F,100,15.2
HZO,20140304,10:33:43.050,Z,@,100,15.2
HZO,20140304,10:33:43.051,B,@,100,15.2
HZO,20140304,10:33:43.063,D,I,49,15.2
HZO,20140304,10:33:43.220,Z,F,100,15.2
HZO,20140304,10:33:43.220,Z,F,100,15.2
HZO,20140304,10:33:43.221,P,F,100,15.21
HZO,20140304,10:33:43.221,N,F,100,15.21
HZO,20140304,10:33:54.438,K,F,500,15.22
HZO,20140304,10:34:09.990,K,F,500,15.22
HZO,20140304,10:34:53.268,D,@,100,15.29
HZO,20140304,10:35:41.383,T,I,17,15.3
HZO,20140304,10:35:41.391,N,I,83,15.36
HZO,20140304,10:35:41.395,Z,F I,83,15.31
HZO,20140304,10:35:41.553,Y,F,100,15.29
HZO,20140304,10:35:41.554,P,@,100,15.29
HZO,20140304,10:35:41.555,N,@,100,15.29
HZO,20140304,10:35:41.555,T,@,100,15.29
HZO,20140304,10:35:41.555,K,F,100,15.29
HZO,20140304,10:35:41.564,C,F,100,15.29
HZO,20140304,10:35:41.564,T,@,100,15.29
HZO,20140304,10:36:52.847,P,F I,1,15.29
HZO,20140304,10:36:52.847,B,F,100,15.29
HZO,20140304,10:36:52.847,T,F,100,15.29
HZO,20140304,10:36:52.847,T,F,100,15.29
HZO,20140304,10:36:52.847,K,F,100,15.29
HZO,20140304,10:36:52.847,K,F,100,15.29
HZO,20140304,10:36:52.854,D,@,400,15.29
HZO,20140304,10:36:57.228,N,@,100,15.28
HZO,20140304,10:36:57.230,N,F I,1,15.28
HZO,20140304,10:36:59.332,P,F,100,15.27
HZO,20140304,10:37:26.176,D,@,100,15.3
HZO,20140304,10:38:07.633,D,@,100,15.29
HZO,20140304,10:38:56.090,P,F I,37,15.29
HZO,20140304,10:38:56.092,T,F I,17,15.29
HZO,20140304,10:38:56.093,Z,F,100,15.31
HZO,20140304,10:38:56.162,T,@,100,15.26
HZO,20140304,10:39:37.252,B,F,100,15.24
HZO,20140304,10:39:37.252,K,F,100,15.24
HZO,20140304,10:39:37.252,K,F,100,15.24
HZO,20140304,10:39:37.259,D,@,300,15.24
HZO,20140304,10:39:59.081,P,@,100,15.255
HZO,20140304,10:40:09.508,P,@,100,15.24
HZO,20140304,10:40:09.508,T,@,100,15.24
HZO,20140304,10:42:09.469,P,@,100,15.24
HZO,20140304,10:42:33.106,P,@,200,15.26
HZO,20140304,10:42:46.433,K,F,100,15.24
HZO,20140304,10:42:46.434,K,F,100,15.24
HZO,20140304,10:42:46.435,K,F,100,15.24
HZO,20140304,10:42:46.438,T,I,1,15.24
HZO,20140304,10:44:21.416,B,@,100,15.23
HZO,20140304,10:44:21.473,D,@,100,15.23
HZO,20140304,10:44:22.040,K,@,100,15.23
HZO,20140304,10:44:22.042,N,F,100,15.22
HZO,20140304,10:44:22.046,K,F,100,15.21
HZO,20140304,10:44:22.047,N,F,100,15.2
HZO,20140304,10:44:22.098,T,F,100,15.18
HZO,20140304,10:45:07.153,N,@,100,15.23
HZO,20140304,10:46:04.974,B,@,100,15.19
HZO,20140304,10:46:21.500,N,F,100,15.19
HZO,20140304,10:46:21.500,P,F I,1,15.19
HZO,20140304,10:47:31.458,D,@,100,15.14
HZO,20140304,10:47:42.551,D,@,100,15.2
HZO,20140304,10:50:19.550,T,@,200,15.2
HZO,20140304,10:50:19.550,T,F,100,15.2
HZO,20140304,10:50:19.554,D,F I,85,15.2
HZO,20140304,10:50:24.391,D,F,200,15.2
HZO,20140304,10:51:21.345,K,F,100,15.2
HZO,20140304,10:51:21.345,K,F,100,15.2
HZO,20140304,10:51:21.346,K,F,100,15.2
HZO,20140304,10:52:48.973,D,F I,65,15.2
HZO,20140304,10:52:56.551,P,@,200,15.22
HZO,20140304,10:53:08.964,P,@,100,15.2
HZO,20140304,10:53:08.965,T,@,100,15.2
HZO,20140304,10:53:17.385,K,F,100,15.2
HZO,20140304,10:53:17.385,K,F,100,15.2
HZO,20140304,10:53:17.385,K,F,100,15.2
HZO,20140304,10:53:17.386,P,I,1,15.2
HZO,20140304,10:53:22.157,P,@,100,15.2
HZO,20140304,10:53:22.157,T,@,200,15.2
HZO,20140304,10:53:22.159,T,@,100,15.2
HZO,20140304,10:53:37.732,D,@,100,15.25
HZO,20140304,10:53:37.738,N,I,44,15.23
HZO,20140304,10:54:16.414,K,F,100,15.2
HZO,20140304,10:55:21.422,K,F,100,15.2
HZO,20140304,10:55:21.433,P,@,100,15.2
HZO,20140304,10:55:35.479,T,@,200,15.2
HZO,20140304,10:56:14.482,N,F,100,15.2
HZO,20140304,10:56:14.484,T,I,1,15.2
HZO,20140304,10:56:14.488,K,@,100,15.24
HZO,20140304,10:56:14.491,N,F,100,15.2
HZO,20140304,10:56:14.492,T,F I,21,15.2
HZO,20140304,10:56:20.523,N,F,100,15.2
HZO,20140304,10:58:15.350,P,@,200,15.205
HZO,20140304,10:58:24.438,T,F,100,15.2
HZO,20140304,10:58:24.438,N,F I,56,15.21
HZO,20140304,10:58:24.438,N,F I,44,15.22
HZO,20140304,10:59:16.514,T,@,100,15.2
HZO,20140304,10:59:19.114,N,F,100,15.21
HZO,20140304,10:59:22.385,N,F,100,15.21
HZO,20140304,10:59:34.724,P,@,100,15.2
HZO,20140304,10:59:36.962,Z,F,100,15.21
HZO,20140304,10:59:36.963,N,F,100,15.21
HZO,20140304,10:59:37.171,Z,F,100,15.21
HZO,20140304,10:59:37.300,N,F,100,15.2
HZO,20140304,10:59:43.246,P,@,100,15.205
HZO,20140304,11:00:42.738,N,@,100,15.21
HZO,20140304,11:00:42.892,N,F,100,15.2
HZO,20140304,11:00:42.895,P,I,1,15.2
HZO,20140304,11:02:03.831,D,@,100,15.21
HZO,20140304,11:03:43.278,P,F,100,15.19
HZO,20140304,11:03:56.307,D,@,100,15.19
HZO,20140304,11:03:56.318,K,F,100,15.19
HZO,20140304,11:03:56.318,N,F,100,15.19
HZO,20140304,11:04:00.126,T,@,100,15.19
HZO,20140304,11:04:00.127,T,F,100,15.19
HZO,20140304,11:04:00.127,T,F,100,15.19
HZO,20140304,11:04:30.126,T,F,100,15.18
HZO,20140304,11:05:33.648,P,F,100,15.19
HZO,20140304,11:05:33.649,P,F,100,15.19
HZO,20140304,11:05:47.728,T,@,100,15.2
HZO,20140304,11:07:31.551,Z,F,100,15.2
HZO,20140304,11:07:41.841,T,@,100,15.19
HZO,20140304,11:07:49.925,D,I,14,15.2
HZO,20140304,11:07:51.663,D,@,33120,15.18
HZO,20140304,11:07:55.130,N,@,100,15.18
HZO,20140304,11:07:55.131,P,F I,1,15.18
HZO,20140304,11:07:55.132,K,F I,99,15.17
HZO,20140304,11:08:42.986,D,@,100,15.19
HZO,20140304,11:09:27.351,T,F,100,15.2
HZO,20140304,11:09:27.352,T,F,100,15.2
HZO,20140304,11:09:27.352,K,F,100,15.2
HZO,20140304,11:09:27.352,K,F,100,15.2
HZO,20140304,11:09:27.352,T,F,100,15.2
HZO,20140304,11:09:27.352,T,F,100,15.2
HZO,20140304,11:09:27.353,N,@,100,15.2
HZO,20140304,11:09:27.353,T,@,600,15.2
HZO,20140304,11:09:27.449,T,F,100,15.2
HZO,20140304,11:10:21.475,T,@,100,15.2
HZO,20140304,11:11:40.917,P,@,200,15.215
HZO,20140304,11:13:25.860,T,F,100,15.2
HZO,20140304,11:14:39.237,T,@,200,15.2
HZO,20140304,11:15:00.362,N,F,100,15.19
HZO,20140304,11:15:00.384,T,F,100,15.19
HZO,20140304,11:15:00.384,K,F I,1,15.19
HZO,20140304,11:15:00.384,K,F I,99,15.19
HZO,20140304,11:15:00.384,K,F I,1,15.19
HZO,20140304,11:15:00.384,P,F I,1,15.19
HZO,20140304,11:15:00.384,K,F I,98,15.19
HZO,20140304,11:15:00.384,K,F I,2,15.19
HZO,20140304,11:15:00.469,N,F,100,15.17
HZO,20140304,11:15:00.469,T,F,100,15.17
HZO,20140304,11:15:00.470,T,@,100,15.17
HZO,20140304,11:15:39.586,K,F,100,15.21
HZO,20140304,11:15:39.586,T,F I,39,15.2
HZO,20140304,11:15:39.586,T,F,100,15.21
HZO,20140304,11:15:39.587,N,F,100,15.21
HZO,20140304,11:15:39.587,T,F I,2,15.22
HZO,20140304,11:15:39.590,P,I,1,15.21
HZO,20140304,11:15:39.631,T,F,100,15.21
HZO,20140304,11:15:39.632,P,@,100,15.2
HZO,20140304,11:15:40.750,N,F I,61,15.21
HZO,20140304,11:15:44.041,T,F,100,15.2
HZO,20140304,11:16:10.033,D,@,100,15.21
HZO,20140304,11:17:38.952,T,@,100,15.2
HZO,20140304,11:17:38.955,N,F,100,15.2
HZO,20140304,11:17:39.016,Y,F,100,15.2
HZO,20140304,11:18:42.164,P,F,100,15.2
HZO,20140304,11:19:14.275,J,@,100,15.19
HZO,20140304,11:19:24.958,Z,@,100,15.19
HZO,20140304,11:19:24.958,N,@,100,15.19
HZO,20140304,11:19:43.248,P,F I,1,15.19
HZO,20140304,11:19:43.248,Y,F,100,15.19
HZO,20140304,11:19:43.249,P,F I,99,15.19
HZO,20140304,11:19:43.249,P,F I,1,15.19
HZO,20140304,11:19:43.274,Y,@,100,15.19
HZO,20140304,11:20:08.684,C,F,100,15.19
HZO,20140304,11:20:39.056,N,@,100,15.2
HZO,20140304,11:20:50.766,D,@,100,15.1866
HZO,20140304,11:20:50.767,D,@,500,15.1866
HZO,20140304,11:21:05.092,D,4 I,1,15.2
HZO,20140304,11:21:50.014,Z,F,100,15.19
HZO,20140304,11:21:54.562,D,@,21100,15.18
HZO,20140304,11:21:59.856,T,F,200,15.2
HZO,20140304,11:21:59.857,N,F,100,15.2
HZO,20140304,11:22:29.338,T,F,100,15.2
HZO,20140304,11:23:06.291,P,@,100,15.19
HZO,20140304,11:23:11.000,T,I,98,15.19
HZO,20140304,11:23:20.284,N,F,100,15.2
HZO,20140304,11:23:20.287,N,F,100,15.2
HZO,20140304,11:23:26.429,T,F,100,15.2
HZO,20140304,11:23:26.430,N,F,100,15.23
HZO,20140304,11:23:40.666,P,@,100,15.21
HZO,20140304,11:24:29.484,K,F,100,15.22
HZO,20140304,11:24:29.484,T,F,100,15.2
HZO,20140304,11:24:29.502,N,F,100,15.2
HZO,20140304,11:24:29.503,P,I,1,15.2
HZO,20140304,11:24:29.503,T,F,100,15.2
HZO,20140304,11:24:29.520,P,@,100,15.2
HZO,20140304,11:24:29.523,N,F,100,15.2
HZO,20140304,11:24:29.529,P,@,100,15.2
HZO,20140304,11:24:29.533,B,F,100,15.2
HZO,20140304,11:25:08.458,D,@,100,15.205
HZO,20140304,11:25:28.561,T,F I,36,15.2
HZO,20140304,11:25:28.561,T,F I,64,15.23
HZO,20140304,11:25:28.562,N,F,100,15.23
HZO,20140304,11:25:28.900,P,@,100,15.2
HZO,20140304,11:25:29.274,N,@,100,15.2
HZO,20140304,11:25:52.870,T,@,100,15.2
HZO,20140304,11:25:53.883,T,@,100,15.2
HZO,20140304,11:25:53.886,N,F,100,15.2
HZO,20140304,11:25:54.870,T,@,299,15.2
HZO,20140304,11:25:55.884,J,F,100,15.2
HZO,20140304,11:25:55.886,Z,F,100,15.2
HZO,20140304,11:25:55.887,T,F,100,15.2
HZO,20140304,11:25:55.888,T,F I,1,15.2
HZO,20140304,11:26:04.201,Z,F I,99,15.19
HZO,20140304,11:26:43.219,N,@,100,15.23
HZO,20140304,11:26:44.540,Z,F,100,15.2
HZO,20140304,11:26:44.540,Z,F I,56,15.2
HZO,20140304,11:28:05.075,D,@,100,15.19
HZO,20140304,11:29:24.283,N,@,100,15.23
HZO,20140304,11:29:24.316,T,F,100,15.23
HZO,20140304,11:29:36.744,T,@,100,15.24
HZO,20140304,11:29:37.306,T,F I,1,15.24
HZO,20140304,11:29:37.310,D,I,99,15.24
HZO,20140304,11:29:43.203,T,I,99,15.24
HZO,20140304,11:29:43.224,N,I,3,15.26
HZO,20140304,11:29:43.224,N,F I,97,15.26
HZO,20140304,11:29:51.435,K,F,100,15.26
HZO,20140304,11:29:51.916,K,F,100,15.26
HZO,20140304,11:33:06.846,Y,@,100,15.31
HZO,20140304,11:33:33.198,B,@,100,15.26
HZO,20140304,11:33:33.198,B,F,100,15.26
HZO,20140304,11:35:57.465,D,@,33020,15.28
HZO,20140304,11:36:11.987,J,@,100,15.3
HZO,20140304,11:36:39.251,N,F,100,15.29
HZO,20140304,11:37:30.434,N,F,100,15.29
HZO,20140304,11:38:21.082,P,I,3,15.3
HZO,20140304,11:38:32.460,Z,F,100,15.29
HZO,20140304,11:38:32.461,T,F,100,15.29
HZO,20140304,11:38:34.865,K,I,71,15.29
HZO,20140304,11:38:34.869,K,@,900,15.3
HZO,20140304,11:38:34.911,K,F,100,15.3
HZO,20140304,11:39:17.125,K,@,200,15.32
HZO,20140304,11:39:37.471,K,F,800,15.32
HZO,20140304,11:39:37.472,T,F I,30,15.33
HZO,20140304,11:39:37.477,T,F I,30,15.36
HZO,20140304,11:39:37.503,N,F,100,15.37
HZO,20140304,11:39:48.039,D,@,100,15.43
HZO,20140304,11:39:48.057,T,I,29,15.43
HZO,20140304,11:39:48.061,P,@,100,15.39
HZO,20140304,11:42:02.556,K,F,100,15.4
HZO,20140304,11:42:20.764,J,@,100,15.42
HZO,20140304,11:42:20.766,N,@,100,15.42
HZO,20140304,11:42:36.470,Z,F,100,15.42
HZO,20140304,11:42:36.471,N,F,100,15.42
HZO,20140304,11:43:31.437,K,F,300,15.42
HZO,20140304,11:44:24.325,K,F,400,15.42
HZO,20140304,11:44:24.391,K,F,300,15.42
HZO,20140304,11:44:24.846,K,@,100,15.44
HZO,20140304,11:45:24.401,K,@,100,15.47
HZO,20140304,11:45:24.401,N,@,100,15.47
HZO,20140304,11:45:24.401,K,F,100,15.47
HZO,20140304,11:45:24.401,K,F,100,15.47
HZO,20140304,11:45:24.484,K,F,300,15.47
HZO,20140304,11:45:24.508,K,F,400,15.47
HZO,20140304,11:46:40.390,K,F,100,15.5
HZO,20140304,11:46:54.963,D,@,300,15.48
HZO,20140304,11:46:54.969,D,@,300,15.496
HZO,20140304,11:47:38.420,K,F,100,15.5
HZO,20140304,11:48:28.919,T,@,100,15.5
HZO,20140304,11:48:28.999,K,F,200,15.5
HZO,20140304,11:48:37.371,K,F,600,15.5
HZO,20140304,11:48:37.496,N,F,100,15.51
HZO,20140304,11:48:37.497,N,@,200,15.51
HZO,20140304,11:48:37.598,N,F I,83,15.51
HZO,20140304,11:48:37.709,N,@,217,15.51
HZO,20140304,11:48:41.060,T,F I,64,15.53
HZO,20140304,11:48:41.060,T,F I,36,15.53
HZO,20140304,11:49:13.120,T,F I,3,15.57
HZO,20140304,11:50:13.046,Z,@,100,15.56
HZO,20140304,11:50:13.046,T,@,100,15.56
HZO,20140304,11:50:15.994,T,F,100,15.57
HZO,20140304,11:50:18.417,T,@,300,15.57
HZO,20140304,11:50:18.417,T,I,97,15.57
HZO,20140304,11:50:18.417,T,I,38,15.57
HZO,20140304,11:50:18.417,T,@,165,15.57
HZO,20140304,11:50:18.527,T,@,100,15.57
HZO,20140304,11:50:21.181,T,@,100,15.57
HZO,20140304,11:50:34.398,D,F,200,15.568
HZO,20140304,11:51:13.083,P,I,65,15.57
HZO,20140304,11:51:13.083,T,@,135,15.57
HZO,20140304,11:51:13.084,P,I,35,15.57
HZO,20140304,11:51:13.097,T,F,100,15.57
HZO,20140304,11:51:29.987,B,@,100,15.57
HZO,20140304,11:51:29.987,T,@,100,15.57
HZO,20140304,11:51:29.987,T,@,100,15.57
HZO,20140304,11:51:29.987,T,@,100,15.57
HZO,20140304,11:51:29.987,N,@,200,15.57
HZO,20140304,11:51:29.988,P,@,100,15.57
HZO,20140304,11:51:29.988,P,I,1,15.57
HZO,20140304,11:51:29.988,P,I,1,15.57
HZO,20140304,11:51:29.988,P,@,100,15.57
HZO,20140304,11:51:29.988,K,@,100,15.57
HZO,20140304,11:51:29.989,Z,F,100,15.57
HZO,20140304,11:51:29.993,T,@,100,15.57
HZO,20140304,11:51:30.002,N,F,100,15.55
HZO,20140304,11:51:30.053,C,@,100,15.57
HZO,20140304,11:51:32.706,N,F,100,15.53
HZO,20140304,11:51:32.708,K,F,100,15.52
HZO,20140304,11:51:32.709,N,F,100,15.52
HZO,20140304,11:51:32.711,N,F,100,15.51
HZO,20140304,11:51:32.810,N,F,100,15.51
HZO,20140304,11:51:36.776,T,@,100,15.56
HZO,20140304,11:52:44.489,T,F,100,15.57
HZO,20140304,11:52:45.618,N,@,100,15.54
HZO,20140304,11:52:45.685,P,F,100,15.54
HZO,20140304,11:52:50.305,T,F I,30,15.5
HZO,20140304,11:52:50.305,T,F,100,15.5
HZO,20140304,11:52:50.307,K,F,100,15.48
HZO,20140304,11:52:50.363,K,F,100,15.48
HZO,20140304,11:52:50.479,N,F,100,15.5
HZO,20140304,11:52:50.479,N,F,170,15.48
HZO,20140304,11:52:50.651,K,F,100,15.48
HZO,20140304,11:52:58.547,J,I,16,15.54
HZO,20140304,11:53:42.346,D,@,125,15.5395
HZO,20140304,11:54:40.234,K,F,100,15.49
HZO,20140304,11:54:40.234,T,F I,16,15.5
HZO,20140304,11:54:40.235,T,F I,84,15.49
HZO,20140304,11:54:44.634,N,@,100,15.55
HZO,20140304,11:54:55.595,D,@,200,15.49
HZO,20140304,11:54:55.604,D,@,100,15.49
HZO,20140304,11:54:55.635,D,@,100,15.49
HZO,20140304,11:54:55.640,D,F,100,15.49
HZO,20140304,11:54:55.647,D,@,200,15.49
HZO,20140304,11:54:55.647,Z,F,100,15.49
HZO,20140304,11:54:55.647,P,F I,1,15.49
HZO,20140304,11:54:55.647,B,F,100,15.49
HZO,20140304,11:54:55.647,Z,F,100,15.49
HZO,20140304,11:54:55.647,T,F,100,15.49
HZO,20140304,11:54:55.647,P,F,100,15.49
HZO,20140304,11:54:55.647,P,F,100,15.49
HZO,20140304,11:54:55.647,T,F,100,15.49
HZO,20140304,11:54:55.648,N,F,100,15.49
HZO,20140304,11:54:55.648,P,@,100,15.48
HZO,20140304,11:54:55.649,K,@,100,15.51
HZO,20140304,11:54:55.653,P,@,100,15.49
HZO,20140304,11:55:00.546,D,@,100,15.49
HZO,20140304,11:55:02.269,T,F I,19,15.48
HZO,20140304,11:55:02.269,T,F I,81,15.48
HZO,20140304,11:55:31.239,D,@,100,15.49
HZO,20140304,11:55:46.228,N,F,100,15.48
HZO,20140304,11:55:53.475,P,F,100,15.47
HZO,20140304,11:56:27.286,P,F,100,15.45
HZO,20140304,11:56:27.286,P,F,100,15.45
HZO,20140304,11:56:27.286,T,F,100,15.45
HZO,20140304,11:56:27.287,K,F,200,15.45
HZO,20140304,11:56:27.287,K,F,100,15.45
HZO,20140304,11:56:27.287,K,F,100,15.45
HZO,20140304,11:56:27.290,T,F,100,15.44
HZO,20140304,11:56:30.182,D,@,100,15.45
HZO,20140304,11:57:46.490,N,F,100,15.465
HZO,20140304,11:57:58.544,D,@,100,15.46
HZO,20140304,11:58:01.626,D,@,100,15.45
HZO,20140304,11:58:04.266,D,@,100,15.45
HZO,20140304,11:58:23.481,Z,@,100,15.48
HZO,20140304,11:58:23.482,T,@,100,15.48
HZO,20140304,11:58:23.484,D,@,100,15.45
HZO,20140304,11:58:23.484,D,@,100,15.458
HZO,20140304,11:58:23.489,D,@,100,15.46
HZO,20140304,11:58:23.500,D,@,100,15.455
HZO,20140304,11:58:45.525,N,F,100,15.46
HZO,20140304,11:58:53.473,N,F,100,15.46
HZO,20140304,11:58:53.476,P,@,100,15.46
HZO,20140304,11:58:53.476,P,@,100,15.46
HZO,20140304,11:58:53.482,N,@,100,15.45
HZO,20140304,11:58:53.487,N,F,100,15.45
HZO,20140304,11:58:53.488,T,F I,19,15.43
HZO,20140304,11:58:53.488,T,F I,17,15.43
HZO,20140304,11:58:53.488,N,F I,64,15.45
HZO,20140304,11:58:53.526,C,F,100,15.46
HZO,20140304,11:59:25.097,N,@,100,15.48
HZO,20140304,11:59:27.949,Z,F,100,15.46
HZO,20140304,11:59:36.151,N,F,100,15.43
HZO,20140304,11:59:44.291,D,@,100,15.455
HZO,20140304,12:00:01.484,D,@,125,15.4514
HZO,20140304,12:00:43.482,D,@,100,15.43
HZO,20140304,12:01:42.750,K,F,100,15.45
HZO,20140304,12:03:47.258,K,F,100,15.45
HZO,20140304,12:03:47.259,N,F,100,15.45
HZO,20140304,12:03:47.331,T,@,100,15.46
HZO,20140304,12:03:48.519,P,F I,1,15.45
HZO,20140304,12:03:48.519,B,F,100,15.45
HZO,20140304,12:03:48.519,K,F,100,15.45
HZO,20140304,12:04:19.049,P,@,100,15.47
HZO,20140304,12:04:40.748,T,F,100,15.45
HZO,20140304,12:04:40.748,N,F,100,15.45
HZO,20140304,12:05:50.265,D,@,100,15.42
HZO,20140304,12:06:53.015,D,@,100,15.455
HZO,20140304,12:07:51.452,P,F,200,15.48
HZO,20140304,12:07:53.398,D,@,100,15.45
HZO,20140304,12:08:51.424,T,F I,50,15.48
HZO,20140304,12:08:51.424,T,F I,50,15.49
HZO,20140304,12:08:51.425,N,F,100,15.49
HZO,20140304,12:08:51.440,D,@,100,15.45
HZO,20140304,12:08:53.867,D,@,100,15.45
HZO,20140304,12:09:48.851,D,@,300,15.455
HZO,20140304,12:09:48.872,D,F I,98,15.45
HZO,20140304,12:09:53.080,D,@,200,15.455
HZO,20140304,12:09:56.441,T,F I,50,15.49
HZO,20140304,12:09:56.441,T,F I,50,15.49
HZO,20140304,12:10:26.361,T,I,25,15.49
HZO,20140304,12:10:26.361,T,I,25,15.49
HZO,20140304,12:10:26.361,T,I,50,15.5
HZO,20140304,12:10:29.338,T,F I,50,15.5
HZO,20140304,12:10:29.403,D,@,200,15.4925
HZO,20140304,12:10:43.828,T,@,200,15.5
HZO,20140304,12:10:43.829,T,@,200,15.5
HZO,20140304,12:10:43.942,D,@,200,15.4925
HZO,20140304,12:10:46.452,K,@,100,15.52
HZO,20140304,12:10:46.485,K,F,100,15.52
HZO,20140304,12:10:46.542,N,@,100,15.52
HZO,20140304,12:11:27.039,D,@,100,15.54
HZO,20140304,12:12:49.730,D,@,100,15.6
HZO,20140304,12:12:57.377,D,F,100,15.6
HZO,20140304,12:13:44.062,P,I,98,15.59
HZO,20140304,12:13:44.062,P,I,2,15.6
HZO,20140304,12:13:44.063,N,@,100,15.59
HZO,20140304,12:13:44.080,Z,F I,50,15.6
HZO,20140304,12:13:44.189,D,@,100,15.6
HZO,20140304,12:13:44.189,D,@,100,15.6
HZO,20140304,12:13:51.222,N,F,100,15.6
HZO,20140304,12:13:57.451,P,F,100,15.62
HZO,20140304,12:14:12.701,P,@,100,15.62
HZO,20140304,12:14:12.761,T,F,100,15.61
HZO,20140304,12:14:12.774,N,F,100,15.61
HZO,20140304,12:14:32.093,D,@,100,15.629
HZO,20140304,12:14:32.095,D,I,69,15.629
HZO,20140304,12:14:32.098,D,@,100,15.629
HZO,20140304,12:14:32.099,D,@,300,15.62
HZO,20140304,12:14:32.273,N,F,100,15.62
HZO,20140304,12:14:33.948,Y,@,100,15.62
HZO,20140304,12:14:57.394,T,F,100,15.63
HZO,20140304,12:14:57.394,T,F,100,15.63
HZO,20140304,12:14:57.397,D,F,200,15.629
HZO,20140304,12:15:02.148,T,@,100,15.61
HZO,20140304,12:15:02.149,N,@,100,15.62
HZO,20140304,12:15:02.149,N,@,100,15.61
HZO,20140304,12:15:02.149,P,@,100,15.61
HZO,20140304,12:15:02.149,P,I,1,15.61
HZO,20140304,12:15:02.164,B,F I,1,15.61
HZO,20140304,12:15:05.894,B,F I,99,15.61
HZO,20140304,12:15:05.894,B,F I,1,15.61
HZO,20140304,12:15:55.153,B,F I,99,15.61
HZO,20140304,12:15:55.153,B,F I,1,15.61
HZO,20140304,12:15:57.465,D,F,100,15.61
HZO,20140304,12:15:57.514,B,F I,99,15.61
HZO,20140304,12:15:57.514,B,F I,1,15.61
HZO,20140304,12:16:07.911,B,F I,99,15.61
HZO,20140304,12:16:07.911,B,F I,1,15.61
HZO,20140304,12:16:10.296,B,F I,99,15.61
HZO,20140304,12:16:10.296,B,F,100,15.61
HZO,20140304,12:16:16.962,B,F,100,15.61
HZO,20140304,12:16:27.286,B,F,100,15.61
HZO,20140304,12:17:00.424,B,F,100,15.61
HZO,20140304,12:17:00.427,D,F,200,15.609
HZO,20140304,12:17:00.427,N,F,100,15.61
HZO,20140304,12:17:11.107,B,F,100,15.61
HZO,20140304,12:17:21.005,P,F,100,15.6
HZO,20140304,12:18:03.368,B,F,100,15.61
HZO,20140304,12:18:03.368,Z,F,100,15.61
HZO,20140304,12:18:06.444,B,@,100,15.61
HZO,20140304,12:19:00.403,B,F,100,15.61
HZO,20140304,12:19:00.404,T,F,100,15.61
HZO,20140304,12:19:00.404,B,@,100,15.61
HZO,20140304,12:19:00.407,B,@,100,15.61
HZO,20140304,12:19:00.442,T,@,100,15.61
HZO,20140304,12:19:09.344,B,F,100,15.61
HZO,20140304,12:19:09.357,B,F,100,15.61
HZO,20140304,12:19:09.690,P,@,100,15.61
HZO,20140304,12:19:09.690,N,@,100,15.61
HZO,20140304,12:19:09.929,B,F,100,15.61
HZO,20140304,12:19:27.288,B,F,100,15.61
HZO,20140304,12:19:27.288,N,F,100,15.61
HZO,20140304,12:19:27.331,B,F,100,15.61
HZO,20140304,12:19:27.355,D,@,100,15.61
HZO,20140304,12:19:27.362,B,F,100,15.61
HZO,20140304,12:19:27.362,B,F,100,15.61
HZO,20140304,12:20:00.615,Z,@,100,15.625
HZO,20140304,12:20:00.617,J,@,100,15.625
HZO,20140304,12:20:00.818,Z,@,100,15.625
HZO,20140304,12:20:06.620,Z,@,100,15.63
HZO,20140304,12:20:41.564,N,F I,42,15.65
HZO,20140304,12:20:42.746,D,@,100,15.65
HZO,20140304,12:21:02.394,N,F,100,15.65
HZO,20140304,12:21:10.018,Z,F,100,15.63
HZO,20140304,12:21:10.028,P,F I,1,15.62
HZO,20140304,12:21:10.028,P,F,100,15.62
HZO,20140304,12:21:10.028,B,F,100,15.62
HZO,20140304,12:21:10.028,T,F,200,15.62
HZO,20140304,12:21:10.028,T,F I,16,15.62
HZO,20140304,12:21:10.029,N,F,200,15.62
HZO,20140304,12:21:10.040,T,F,100,15.62
HZO,20140304,12:21:10.045,T,F,100,15.62
HZO,20140304,12:21:10.045,T,F,100,15.62
HZO,20140304,12:21:10.045,T,F,100,15.62
HZO,20140304,12:21:17.327,T,@,100,15.61
HZO,20140304,12:22:00.188,D,@,100,15.625
HZO,20140304,12:22:58.052,B,F,100,15.6
HZO,20140304,12:22:58.061,P,F,100,15.6
HZO,20140304,12:22:58.061,T,F I,16,15.6
HZO,20140304,12:22:58.062,T,F,100,15.6
HZO,20140304,12:22:58.062,D,F,100,15.6
HZO,20140304,12:22:59.356,D,@,100,15.6
HZO,20140304,12:23:30.109,D,@,100,15.59
HZO,20140304,12:24:00.170,B,F,100,15.59
HZO,20140304,12:24:00.171,B,F,100,15.59
HZO,20140304,12:24:00.171,K,F,100,15.57
HZO,20140304,12:24:03.641,D,@,100,15.59
HZO,20140304,12:24:27.057,N,F I,58,15.53
HZO,20140304,12:25:54.538,P,@,100,15.575
HZO,20140304,12:26:55.400,D,F,100,15.6
HZO,20140304,12:27:43.443,N,@,100,15.6
HZO,20140304,12:27:51.393,D,F,100,15.624
HZO,20140304,12:27:55.712,B,@,100,15.58
HZO,20140304,12:29:05.739,X,F,100,15.6
HZO,20140304,12:29:23.371,D,@,100,15.65
HZO,20140304,12:29:36.194,D,@,100,15.65
HZO,20140304,12:29:44.937,N,@,100,15.64
HZO,20140304,12:29:44.942,D,@,100,15.6
HZO,20140304,12:30:53.403,N,@,100,15.59
HZO,20140304,12:32:55.423,N,@,100,15.59
HZO,20140304,12:33:37.760,D,@,100,15.59
HZO,20140304,12:34:52.690,N,@,100,15.59
HZO,20140304,12:35:40.906,P,F I,1,15.6
HZO,20140304,12:35:40.906,Z,F,100,15.6
HZO,20140304,12:35:40.906,P,F I,1,15.6
HZO,20140304,12:35:40.907,N,F,100,15.6
HZO,20140304,12:35:51.379,D,F,300,15.599
HZO,20140304,12:36:54.427,D,F,300,15.599
HZO,20140304,12:36:54.427,D,F,100,15.6
HZO,20140304,12:37:02.477,N,@,100,15.6
HZO,20140304,12:37:02.477,T,@,200,15.6
HZO,20140304,12:37:02.477,T,@,100,15.6
HZO,20140304,12:37:47.085,N,@,100,15.59
HZO,20140304,12:37:49.919,P,F,100,15.59
HZO,20140304,12:37:49.919,P,F I,1,15.59
HZO,20140304,12:37:49.919,T,F,100,15.59
HZO,20140304,12:37:49.920,T,F,100,15.59
HZO,20140304,12:37:49.920,T,F,100,15.59
HZO,20140304,12:37:49.920,T,F I,30,15.59
HZO,20140304,12:37:49.920,N,F,200,15.59
HZO,20140304,12:37:50.459,N,F,100,15.62
HZO,20140304,12:37:53.580,N,F I,34,15.59
HZO,20140304,12:38:58.027,D,@,569,15.61
HZO,20140304,12:39:46.448,D,F,100,15.65
HZO,20140304,12:39:46.531,N,F,100,15.65
HZO,20140304,12:39:58.036,D,@,100,15.6
HZO,20140304,12:40:00.192,T,I,19,15.65
HZO,20140304,12:40:00.192,T,I,81,15.65
HZO,20140304,12:40:17.612,P,@,100,15.65
HZO,20140304,12:40:43.064,D,F,100,15.65
HZO,20140304,12:40:43.088,D,@,100,15.66
HZO,20140304,12:41:43.384,Y,F,100,15.66
HZO,20140304,12:45:00.180,D,@,100,15.73
HZO,20140304,12:45:00.244,N,@,100,15.73
HZO,20140304,12:45:00.245,B,@,100,15.68
HZO,20140304,12:45:05.246,Y,@,100,15.73
HZO,20140304,12:45:09.361,P,@,100,15.7
HZO,20140304,12:45:09.362,B,F,100,15.7
HZO,20140304,12:45:09.362,Y,F,100,15.7
HZO,20140304,12:45:09.362,N,F,100,15.7
HZO,20140304,12:45:09.362,J,F,100,15.7
HZO,20140304,12:45:09.364,C,F,100,15.7
HZO,20140304,12:45:09.430,T,F,100,15.69
HZO,20140304,12:45:13.776,P,F I,1,15.68
HZO,20140304,12:45:13.777,P,F I,99,15.68
HZO,20140304,12:45:13.777,P,I,1,15.68
HZO,20140304,12:45:13.779,T,F,100,15.67
HZO,20140304,12:45:13.780,T,@,100,15.67
HZO,20140304,12:45:17.503,T,F,100,15.66
HZO,20140304,12:45:21.741,K,@,100,15.66
HZO,20140304,12:45:33.401,P,@,100,15.64
HZO,20140304,12:46:05.983,N,@,100,15.64
HZO,20140304,12:47:23.977,D,@,280,15.6215
HZO,20140304,12:48:15.114,N,@,100,15.61
HZO,20140304,12:48:29.501,D,@,67800,15.635
HZO,20140304,12:49:33.371,D,I,20,15.66
HZO,20140304,12:49:45.379,N,F,200,15.66
HZO,20140304,12:49:45.380,T,F,100,15.66
HZO,20140304,12:49:45.380,T,F,100,15.66
HZO,20140304,12:49:45.382,T,@,100,15.66
HZO,20140304,12:49:45.382,T,@,200,15.66
HZO,20140304,12:49:45.518,D,@,100,15.6525
HZO,20140304,12:50:00.196,T,@,100,15.66
HZO,20140304,12:50:20.439,D,@,400,15.66
HZO,20140304,12:50:20.467,J,I,1,15.66
HZO,20140304,12:50:20.586,D,@,100,15.655
HZO,20140304,12:50:20.937,D,@,100,15.66
HZO,20140304,12:50:23.177,D,@,100,15.65
HZO,20140304,12:50:40.399,N,F,100,15.66
HZO,20140304,12:51:23.893,T,@,100,15.66
HZO,20140304,12:51:24.705,N,@,100,15.66
HZO,20140304,12:51:28.772,P,@,100,15.66
HZO,20140304,12:51:28.773,N,@,100,15.66
HZO,20140304,12:51:28.773,T,F,100,15.66
HZO,20140304,12:51:44.447,D,F,300,15.659
HZO,20140304,12:51:44.448,D,F,100,15.66
HZO,20140304,12:51:44.450,N,@,100,15.66
HZO,20140304,12:52:40.424,N,F,100,15.66
HZO,20140304,12:52:40.425,D,F,300,15.659
HZO,20140304,12:53:44.423,T,F,100,15.66
HZO,20140304,12:53:44.425,D,F,300,15.659
HZO,20140304,12:53:44.425,D,F,100,15.66
HZO,20140304,12:54:24.511,T,F,100,15.65
HZO,20140304,12:54:24.511,B,F,100,15.65
HZO,20140304,12:54:24.515,T,@,100,15.65
HZO,20140304,12:54:24.537,P,@,100,15.65
HZO,20140304,12:54:24.537,K,@,100,15.65
HZO,20140304,12:54:24.590,K,F,100,15.65
HZO,20140304,12:54:28.395,D,@,100,15.64
HZO,20140304,12:54:30.347,D,@,100,15.635
HZO,20140304,12:54:36.910,P,I,1,15.635
HZO,20140304,12:54:36.910,P,I,99,15.635
HZO,20140304,12:55:00.623,N,@,100,15.65
HZO,20140304,12:57:24.389,N,F,100,15.62
HZO,20140304,12:59:28.683,D,@,100,15.66
HZO,20140304,12:59:45.496,N,@,100,15.66
HZO,20140304,12:59:45.498,P,F,100,15.66
HZO,20140304,12:59:45.508,T,I,16,15.67
HZO,20140304,12:59:45.508,T,I,84,15.67
HZO,20140304,12:59:45.508,T,F I,16,15.67
HZO,20140304,13:00:02.100,D,@,100,15.66
HZO,20140304,13:05:02.472,D,@,200,15.7
HZO,20140304,13:06:14.501,N,F,100,15.71
HZO,20140304,13:06:14.504,T,F,100,15.71
HZO,20140304,13:06:14.504,T,F I,84,15.71
HZO,20140304,13:06:14.528,D,@,100,15.705
HZO,20140304,13:06:14.601,K,@,100,15.7
HZO,20140304,13:06:14.644,C,F,100,15.7
HZO,20140304,13:06:21.372,T,F,100,15.71
HZO,20140304,13:06:21.426,D,@,100,15.7
HZO,20140304,13:06:25.871,N,F,100,15.72
HZO,20140304,13:07:05.442,T,F I,16,15.71
HZO,20140304,13:08:27.974,B,@,100,15.71
HZO,20140304,13:08:27.974,Y,F,100,15.71
HZO,20140304,13:08:27.975,N,F,300,15.71
HZO,20140304,13:08:28.047,C,@,100,15.71
HZO,20140304,13:08:28.067,K,F,100,15.71
HZO,20140304,13:08:28.067,T,F,100,15.71
HZO,20140304,13:08:28.068,P,F I,1,15.71
HZO,20140304,13:08:28.068,P,F I,1,15.71
HZO,20140304,13:08:28.068,P,F I,98,15.71
HZO,20140304,13:08:28.069,T,@,100,15.71
HZO,20140304,13:08:30.614,D,@,100,15.72
HZO,20140304,13:11:19.092,D,@,450,15.72
HZO,20140304,13:11:19.113,D,@,100,15.732
HZO,20140304,13:11:19.113,D,@,100,15.732
HZO,20140304,13:11:24.126,T,F I,37,15.7
HZO,20140304,13:11:24.126,T,F,100,15.7
HZO,20140304,13:11:24.127,T,F I,63,15.7
HZO,20140304,13:11:24.127,Z,F,100,15.7
HZO,20140304,13:11:24.127,P,F I,1,15.7
HZO,20140304,13:11:24.127,P,F I,99,15.7
HZO,20140304,13:11:24.128,N,F,100,15.7
HZO,20140304,13:11:24.128,T,F I,37,15.7
HZO,20140304,13:11:24.206,T,F,100,15.7
HZO,20140304,13:11:24.207,T,F,100,15.7
HZO,20140304,13:11:24.207,T,@,100,15.7
HZO,20140304,13:11:25.004,N,F I,3,15.7
HZO,20140304,13:11:25.779,D,@,100,15.72
HZO,20140304,13:11:44.712,Z,F,100,15.69
HZO,20140304,13:11:44.713,T,F,100,15.69
HZO,20140304,13:11:44.713,P,F,100,15.69
HZO,20140304,13:11:44.741,T,F I,1,15.69
HZO,20140304,13:12:40.895,D,@,350,15.68
HZO,20140304,13:12:40.895,D,@,100,15.692
HZO,20140304,13:12:40.895,D,@,300,15.692
HZO,20140304,13:12:42.851,D,@,100,15.68
HZO,20140304,13:13:10.358,T,F I,3,15.7
HZO,20140304,13:13:10.358,P,F,197,15.7
HZO,20140304,13:13:11.115,D,@,100,15.69
HZO,20140304,13:13:14.596,D,@,100,15.695
HZO,20140304,13:13:15.349,D,@,200,15.6975
HZO,20140304,13:13:15.999,T,F I,97,15.7
HZO,20140304,13:13:15.999,T,F I,3,15.7
HZO,20140304,13:13:27.593,T,F I,97,15.7
HZO,20140304,13:13:27.593,T,F,100,15.7
HZO,20140304,13:13:27.603,T,F,100,15.7
HZO,20140304,13:13:27.605,T,F,100,15.7
HZO,20140304,13:13:27.606,T,@,100,15.7
HZO,20140304,13:13:27.607,T,@,100,15.7
HZO,20140304,13:13:30.194,D,@,100,15.695
HZO,20140304,13:13:57.385,N,F,100,15.7
HZO,20140304,13:14:11.327,P,F,200,15.7
HZO,20140304,13:14:11.327,T,F,100,15.7
HZO,20140304,13:14:11.329,P,F,100,15.7
HZO,20140304,13:14:16.554,D,@,100,15.695
HZO,20140304,13:14:41.448,N,F,100,15.7
HZO,20140304,13:14:47.815,T,F,100,15.7
HZO,20140304,13:15:12.439,T,F,100,15.7
HZO,20140304,13:15:12.439,T,F,100,15.7
HZO,20140304,13:15:12.439,K,F,100,15.7
HZO,20140304,13:15:12.439,P,F,100,15.7
HZO,20140304,13:18:26.589,B,@,100,15.72
HZO,20140304,13:18:26.771,N,F,100,15.72
HZO,20140304,13:19:11.822,K,@,100,15.73
HZO,20140304,13:19:17.368,N,F,100,15.73
HZO,20140304,13:19:32.266,Y,@,100,15.72
HZO,20140304,13:19:32.348,N,F,100,15.72
HZO,20140304,13:20:15.164,Z,@,100,15.72
HZO,20140304,13:20:15.164,T,F,100,15.72
HZO,20140304,13:20:15.165,T,F,100,15.72
HZO,20140304,13:20:15.272,K,@,100,15.72
HZO,20140304,13:20:15.313,P,F,100,15.72
HZO,20140304,13:21:57.068,D,@,500,15.71
HZO,20140304,13:21:57.072,Z,@,100,15.71
HZO,20140304,13:21:57.072,T,@,100,15.71
HZO,20140304,13:21:57.073,N,@,300,15.71
HZO,20140304,13:21:57.074,P,I,1,15.71
HZO,20140304,13:22:01.889,P,@,100,15.69
HZO,20140304,13:22:01.890,N,@,100,15.69
HZO,20140304,13:22:02.599,D,@,100,15.69
HZO,20140304,13:22:06.586,T,I,33,15.68
HZO,20140304,13:22:06.586,T,@,100,15.68
HZO,20140304,13:22:09.130,N,@,100,15.66
HZO,20140304,13:22:21.999,D,@,100,15.66
HZO,20140304,13:22:22.008,K,@,100,15.66
HZO,20140304,13:22:22.009,N,@,100,15.66
HZO,20140304,13:22:22.009,T,I,25,15.66
HZO,20140304,13:22:22.011,P,F,100,15.65
HZO,20140304,13:22:22.015,T,@,100,15.65
HZO,20140304,13:22:22.019,T,F I,25,15.65
HZO,20140304,13:22:22.969,D,@,100,15.66
HZO,20140304,13:23:00.444,D,@,100,15.62
HZO,20140304,13:23:00.582,D,@,100,15.62
HZO,20140304,13:23:00.648,D,@,300,15.62
HZO,20140304,13:23:00.655,D,@,700,15.62
HZO,20140304,13:23:00.666,D,@,100,15.62
HZO,20140304,13:23:00.667,N,@,100,15.62
HZO,20140304,13:23:00.667,P,@,100,15.62
HZO,20140304,13:23:01.046,D,@,100,15.629
HZO,20140304,13:23:01.046,D,@,100,15.62
HZO,20140304,13:23:02.777,D,@,100,15.62
HZO,20140304,13:23:03.793,D,@,100,15.65
HZO,20140304,13:23:04.684,D,@,300,15.61
HZO,20140304,13:23:04.686,Z,@,100,15.61
HZO,20140304,13:23:04.687,Z,@,100,15.61
HZO,20140304,13:23:04.687,T,I,25,15.61
HZO,20140304,13:23:04.687,T,@,100,15.61
HZO,20140304,13:23:04.687,P,@,100,15.61
HZO,20140304,13:23:04.687,N,@,100,15.61
HZO,20140304,13:23:04.690,T,F,100,15.6
HZO,20140304,13:23:04.691,Z,F,100,15.61
HZO,20140304,13:23:04.691,T,F I,25,15.6
HZO,20140304,13:23:04.691,T,F I,54,15.58
HZO,20140304,13:23:06.469,T,@,100,15.6
HZO,20140304,13:23:06.527,D,@,100,15.6
HZO,20140304,13:23:06.536,T,@,100,15.6
HZO,20140304,13:23:06.563,Z,F,100,15.56
HZO,20140304,13:23:06.563,T,F I,25,15.59
HZO,20140304,13:23:06.568,T,F I,25,15.58
HZO,20140304,13:23:06.569,T,F I,46,15.55
HZO,20140304,13:23:07.281,D,@,100,15.6
HZO,20140304,13:23:15.249,D,@,100,15.57
HZO,20140304,13:23:15.469,D,@,100,15.59
HZO,20140304,13:23:21.411,D,@,100,15.605
HZO,20140304,13:23:38.236,T,@,100,15.58
HZO,20140304,13:23:38.882,D,@,100,15.58
HZO,20140304,13:23:43.058,N,@,100,15.55
HZO,20140304,13:23:43.059,T,I,25,15.57
HZO,20140304,13:23:43.088,D,@,100,15.55
HZO,20140304,13:23:44.065,D,@,100,15.555
HZO,20140304,13:23:46.209,T,F I,25,15.53
HZO,20140304,13:23:46.210,P,F I,75,15.52
HZO,20140304,13:23:56.091,N,@,100,15.55
HZO,20140304,13:23:56.095,Z,@,100,15.55
HZO,20140304,13:24:17.156,P,I,1,15.55
HZO,20140304,13:24:17.156,P,I,99,15.55
HZO,20140304,13:24:17.156,Z,@,100,15.55
HZO,20140304,13:24:27.388,N,@,100,15.55
HZO,20140304,13:24:27.423,T,I,25,15.55
HZO,20140304,13:24:27.423,T,I,75,15.55
HZO,20140304,13:24:27.424,P,@,100,15.55
HZO,20140304,13:24:28.400,T,I,25,15.55
HZO,20140304,13:24:28.400,T,@,100,15.55
HZO,20140304,13:25:10.942,Y,@,100,15.54
HZO,20140304,13:25:10.956,D,@,100,15.545
HZO,20140304,13:25:10.959,D,@,100,15.54
HZO,20140304,13:25:10.960,Z,@,100,15.54
HZO,20140304,13:25:10.960,T,@,100,15.54
HZO,20140304,13:25:10.961,N,@,100,15.54
HZO,20140304,13:25:10.962,T,I,25,15.54
HZO,20140304,13:25:10.962,T,F I,25,15.52
HZO,20140304,13:25:10.962,T,F I,75,15.5
HZO,20140304,13:25:10.969,K,@,100,15.49
HZO,20140304,13:25:52.801,N,@,100,15.54
HZO,20140304,13:25:58.728,T,I,33,15.54
HZO,20140304,13:25:58.728,T,I,67,15.54
HZO,20140304,13:25:58.730,N,@,100,15.54
HZO,20140304,13:25:58.734,P,@,100,15.54
HZO,20140304,13:26:25.433,N,@,100,15.54
HZO,20140304,13:26:25.436,K,@,100,15.54
HZO,20140304,13:26:26.438,T,@,100,15.54
HZO,20140304,13:26:26.438,T,I,33,15.54
HZO,20140304,13:26:47.741,N,@,100,15.54
HZO,20140304,13:26:48.747,P,@,100,15.54
HZO,20140304,13:26:48.748,N,@,100,15.54
HZO,20140304,13:26:52.576,D,@,100,15.53
HZO,20140304,13:27:02.968,P,@,100,15.54
HZO,20140304,13:27:02.968,T,I,22,15.54
HZO,20140304,13:27:02.969,N,@,100,15.54
HZO,20140304,13:27:18.291,N,@,100,15.54
HZO,20140304,13:27:23.226,D,@,100,15.58
HZO,20140304,13:28:43.869,X,@,100,15.58
HZO,20140304,13:29:05.199,X,@,100,15.58
HZO,20140304,13:29:23.000,P,@,100,15.58
HZO,20140304,13:29:40.277,N,@,100,15.63
HZO,20140304,13:30:13.446,B,@,100,15.58
HZO,20140304,13:30:13.461,K,@,100,15.58
HZO,20140304,13:30:13.461,P,@,100,15.58
HZO,20140304,13:30:13.461,T,@,100,15.58
HZO,20140304,13:30:13.463,N,@,100,15.58
HZO,20140304,13:30:13.464,Z,F,100,15.56
HZO,20140304,13:30:44.666,N,F,153,15.57
HZO,20140304,13:31:09.049,N,@,100,15.55
HZO,20140304,13:31:34.000,X,@,100,15.55
HZO,20140304,13:32:31.524,D,@,100,15.53
HZO,20140304,13:32:31.540,K,@,100,15.53
HZO,20140304,13:32:36.969,D,@,100,15.535
HZO,20140304,13:35:31.991,K,@,100,15.52
HZO,20140304,13:35:31.991,P,I,1,15.52
HZO,20140304,13:35:31.991,P,I,99,15.52
HZO,20140304,13:35:31.991,B,@,100,15.52
HZO,20140304,13:35:31.998,K,@,100,15.52
HZO,20140304,13:35:31.998,P,I,1,15.52
HZO,20140304,13:35:31.998,P,F I,1,15.5
HZO,20140304,13:35:31.998,Z,F I,77,15.5
HZO,20140304,13:35:31.998,T,F I,1,15.52
HZO,20140304,13:35:31.998,T,F I,21,15.51
HZO,20140304,13:37:02.691,K,@,100,15.54
HZO,20140304,13:37:03.697,T,I,4,15.54
HZO,20140304,13:37:03.698,N,@,100,15.54
HZO,20140304,13:37:52.478,X,@,100,15.54
HZO,20140304,13:37:52.482,N,@,100,15.54
HZO,20140304,13:38:34.418,T,@,100,15.54
HZO,20140304,13:38:35.430,T,I,15,15.54
HZO,20140304,13:38:35.430,T,I,85,15.54
HZO,20140304,13:38:35.431,N,@,100,15.54
HZO,20140304,13:38:51.839,P,I,1,15.54
HZO,20140304,13:38:51.839,P,I,99,15.54
HZO,20140304,13:38:51.841,N,@,100,15.54
HZO,20140304,13:38:52.846,P,@,100,15.54
HZO,20140304,13:38:52.847,T,I,15,15.54
HZO,20140304,13:38:52.847,T,I,15,15.54
HZO,20140304,13:38:52.848,N,I,1,15.54
HZO,20140304,13:40:54.869,P,@,100,15.53
HZO,20140304,13:40:54.869,P,@,100,15.53
HZO,20140304,13:40:54.869,T,@,100,15.53
HZO,20140304,13:40:54.870,N,I,78,15.53
HZO,20140304,13:40:54.870,N,I,22,15.53
HZO,20140304,13:40:58.620,K,F,100,15.54
HZO,20140304,13:40:58.621,N,F,100,15.54
HZO,20140304,13:41:30.440,T,@,100,15.54
HZO,20140304,13:41:30.441,N,@,100,15.54
HZO,20140304,13:41:44.204,N,F,100,15.51
HZO,20140304,13:43:09.415,D,@,100,15.49
HZO,20140304,13:43:09.428,T,I,4,15.5
HZO,20140304,13:43:09.428,T,I,96,15.49
HZO,20140304,13:43:10.441,Z,@,100,15.49
HZO,20140304,13:43:10.442,N,@,100,15.49
HZO,20140304,13:43:15.629,X,@,100,15.5
HZO,20140304,13:43:20.749,P,I,1,15.49
HZO,20140304,13:43:20.749,P,I,99,15.49
HZO,20140304,13:43:20.749,T,I,4,15.49
HZO,20140304,13:43:20.749,T,I,96,15.49
HZO,20140304,13:43:20.750,N,@,200,15.49
HZO,20140304,13:43:58.757,D,I,93,15.5295
HZO,20140304,13:43:58.758,D,I,93,15.53
HZO,20140304,13:43:58.771,D,@,159,15.5295
HZO,20140304,13:43:58.780,D,I,69,15.5397
HZO,20140304,13:43:58.782,D,I,7,15.5397
HZO,20140304,13:44:02.308,D,@,100,15.48
HZO,20140304,13:44:02.320,T,I,4,15.49
HZO,20140304,13:44:02.320,T,I,96,15.48
HZO,20140304,13:44:02.325,Z,F,100,15.47
HZO,20140304,13:44:02.329,T,F I,26,15.46
HZO,20140304,13:44:02.329,T,F I,1,15.46
HZO,20140304,13:44:02.329,T,F I,50,15.45
HZO,20140304,13:44:02.329,N,F I,23,15.45
HZO,20140304,13:44:02.349,K,I,7,15.465
HZO,20140304,13:46:14.433,T,F,147,15.5
HZO,20140304,13:46:14.433,T,F I,43,15.5
HZO,20140304,13:46:14.433,T,F I,1,15.51
HZO,20140304,13:46:14.434,N,F,100,15.5
HZO,20140304,13:46:29.732,K,F,100,15.51
HZO,20140304,13:46:30.923,K,F,100,15.51
HZO,20140304,13:46:30.923,K,F,100,15.52
HZO,20140304,13:46:30.924,K,F I,93,15.52
HZO,20140304,13:46:30.982,K,I,7,15.52
HZO,20140304,13:46:31.522,N,@,100,15.52
HZO,20140304,13:46:31.525,T,@,100,15.52
HZO,20140304,13:46:32.528,P,@,100,15.52
HZO,20140304,13:46:32.529,T,@,100,15.52
HZO,20140304,13:49:22.755,D,I,7,15.55
HZO,20140304,13:49:22.760,D,I,93,15.55
HZO,20140304,13:49:22.763,D,@,850,15.5495
HZO,20140304,13:49:22.764,D,@,100,15.5495
HZO,20140304,13:50:00.281,N,@,100,15.55
HZO,20140304,13:50:00.287,P,F,100,15.55
HZO,20140304,13:50:46.927,D,I,36,15.58
HZO,20140304,13:50:46.934,D,I,11,15.53
HZO,20140304,13:51:47.774,Y,F I,93,15.54
HZO,20140304,13:51:47.774,B,F I,93,15.54
HZO,20140304,13:51:47.774,B,F I,7,15.53
HZO,20140304,13:51:47.774,B,F I,93,15.53
HZO,20140304,13:51:47.775,P,@,100,15.53
HZO,20140304,13:51:47.775,P,I,86,15.53
HZO,20140304,13:51:47.776,X,F I,44,15.53
HZO,20140304,13:51:47.779,D,@,100,15.53
HZO,20140304,13:51:47.782,D,F I,93,15.5325
HZO,20140304,13:51:47.791,X,F I,21,15.53
HZO,20140304,13:52:29.612,D,@,100,15.49
HZO,20140304,13:52:29.615,D,@,100,15.49
HZO,20140304,13:52:29.618,D,@,200,15.49
HZO,20140304,13:52:29.619,T,I,16,15.49
HZO,20140304,13:52:29.619,T,@,100,15.49
HZO,20140304,13:52:30.014,D,@,100,15.49
HZO,20140304,13:52:45.673,D,@,100,15.52
HZO,20140304,13:52:50.923,D,I,29,15.52
HZO,20140304,13:52:52.234,D,@,100,15.5
HZO,20140304,13:54:33.919,D,@,100,15.45
HZO,20140304,13:54:33.929,T,@,100,15.45
HZO,20140304,13:54:33.949,P,I,1,15.45
HZO,20140304,13:54:33.949,P,I,99,15.45
HZO,20140304,13:54:57.807,D,@,700,15.44
HZO,20140304,13:54:57.814,P,I,1,15.44
HZO,20140304,13:54:57.814,P,I,99,15.44
HZO,20140304,13:54:57.816,N,@,100,15.44
HZO,20140304,13:54:57.816,P,F I,1,15.44
HZO,20140304,13:54:57.817,P,F I,82,15.41
HZO,20140304,13:54:57.817,T,F I,17,15.42
HZO,20140304,13:54:59.188,N,F,100,15.45
HZO,20140304,13:56:25.765,D,@,100,15.43
HZO,20140304,13:56:25.777,T,@,100,15.43
HZO,20140304,13:56:25.777,B,@,100,15.43
HZO,20140304,13:56:25.778,P,F I,13,15.43
HZO,20140304,13:56:25.778,P,F I,70,15.41
HZO,20140304,13:56:25.778,T,F I,17,15.42
HZO,20140304,13:57:11.861,T,@,100,15.4
HZO,20140304,13:57:11.869,P,@,100,15.4
HZO,20140304,13:57:12.122,N,F,100,15.41
HZO,20140304,13:57:41.957,D,@,500,15.4
HZO,20140304,13:57:41.967,D,@,700,15.4
HZO,20140304,13:59:39.043,B,@,100,15.4
HZO,20140304,13:59:39.048,N,I,35,15.4
HZO,20140304,13:59:43.683,B,@,100,15.42
HZO,20140304,13:59:43.688,N,I,8,15.42
HZO,20140304,13:59:54.655,T,F,100,15.42
HZO,20140304,13:59:54.655,P,F,200,15.42
HZO,20140304,13:59:54.656,N,F,241,15.42
HZO,20140304,13:59:54.669,Z,@,100,15.42
HZO,20140304,13:59:54.764,N,F,100,15.43
HZO,20140304,13:59:55.398,N,@,100,15.42
HZO,20140304,14:00:51.918,D,@,2400,15.42
HZO,20140304,14:00:51.918,D,@,700,15.42
HZO,20140304,14:00:51.920,D,@,500,15.42
HZO,20140304,14:00:51.932,D,@,10700,15.42
HZO,20140304,14:00:51.939,D,@,700,15.42
HZO,20140304,14:01:04.530,D,@,400,15.42
HZO,20140304,14:01:04.545,D,@,100,15.42
HZO,20140304,14:01:04.642,D,@,200,15.42
HZO,20140304,14:01:04.705,D,@,1100,15.42
HZO,20140304,14:01:04.718,D,@,1100,15.42
HZO,20140304,14:01:04.832,D,@,200,15.42
HZO,20140304,14:01:04.889,D,@,300,15.42
HZO,20140304,14:01:04.899,D,@,300,15.42
HZO,20140304,14:01:04.909,D,@,600,15.42
HZO,20140304,14:01:04.929,D,@,400,15.42
HZO,20140304,14:01:04.947,T,F,100,15.44
HZO,20140304,14:01:04.950,D,@,300,15.42
HZO,20140304,14:01:04.968,D,@,300,15.43
HZO,20140304,14:01:04.971,N,@,100,15.43
HZO,20140304,14:01:04.976,N,F,100,15.44
HZO,20140304,14:01:04.978,K,@,100,15.435
HZO,20140304,14:01:04.988,N,@,100,15.43
HZO,20140304,14:01:04.994,D,@,200,15.435
HZO,20140304,14:01:05.626,K,F,100,15.44
HZO,20140304,14:01:06.719,D,@,100,15.42
HZO,20140304,14:01:06.721,D,@,100,15.435
HZO,20140304,14:01:13.068,P,@,100,15.44
HZO,20140304,14:01:13.069,X,@,100,15.44
HZO,20140304,14:02:34.079,Z,@,100,15.44
HZO,20140304,14:02:34.079,P,@,100,15.42
HZO,20140304,14:02:34.079,P,@,100,15.42
HZO,20140304,14:02:34.088,D,@,100,15.44
HZO,20140304,14:04:26.661,Z,F,200,15.435
HZO,20140304,14:04:27.298,N,F,200,15.44
HZO,20140304,14:04:27.310,N,I,62,15.45
HZO,20140304,14:04:36.666,Z,@,100,15.46
HZO,20140304,14:04:36.666,P,F I,1,15.46
HZO,20140304,14:05:03.377,N,F,100,15.48
HZO,20140304,14:06:00.409,P,F,100,15.48
HZO,20140304,14:07:08.442,K,@,100,15.5
HZO,20140304,14:07:08.443,T,@,100,15.5
HZO,20140304,14:07:08.443,T,@,900,15.5
HZO,20140304,14:07:08.449,T,@,100,15.5
HZO,20140304,14:07:08.449,T,@,100,15.5
HZO,20140304,14:07:08.450,T,@,2500,15.5
HZO,20140304,14:07:08.450,T,F,100,15.5
HZO,20140304,14:07:08.450,T,F I,1,15.5
HZO,20140304,14:07:08.510,T,F I,99,15.5
HZO,20140304,14:07:08.510,T,F I,1,15.5
HZO,20140304,14:07:12.609,T,F I,99,15.5
HZO,20140304,14:07:12.609,T,F I,1,15.5
HZO,20140304,14:07:17.433,T,F I,99,15.5
HZO,20140304,14:07:17.434,T,F I,1,15.5
HZO,20140304,14:07:22.456,T,F I,99,15.5
HZO,20140304,14:07:22.457,T,F I,1,15.5
HZO,20140304,14:07:27.473,N,F,100,15.5
HZO,20140304,14:07:32.452,T,F I,99,15.5
HZO,20140304,14:07:32.452,T,F I,1,15.5
HZO,20140304,14:07:32.455,T,F I,99,15.5
HZO,20140304,14:07:32.455,T,F I,1,15.5
HZO,20140304,14:07:32.467,T,F I,99,15.5
HZO,20140304,14:07:32.467,T,F I,1,15.5
HZO,20140304,14:07:37.463,T,F I,99,15.5
HZO,20140304,14:07:37.463,T,F I,1,15.5
HZO,20140304,14:08:00.496,T,F I,99,15.5
HZO,20140304,14:08:00.497,T,F I,1,15.5
HZO,20140304,14:08:07.026,T,F,100,15.49
HZO,20140304,14:08:07.027,T,F,100,15.49
HZO,20140304,14:08:07.099,N,I,38,15.49
HZO,20140304,14:09:03.405,T,F I,99,15.5
HZO,20140304,14:09:03.405,T,F I,1,15.5
HZO,20140304,14:09:56.732,T,I,99,15.5
HZO,20140304,14:09:56.732,T,I,1,15.5
HZO,20140304,14:09:56.732,T,I,99,15.5
HZO,20140304,14:09:56.732,T,I,1,15.5
HZO,20140304,14:09:56.732,T,F I,99,15.5
HZO,20140304,14:09:56.732,T,F,100,15.5
HZO,20140304,14:09:56.732,T,F I,1,15.5
HZO,20140304,14:09:56.741,T,F I,99,15.5
HZO,20140304,14:09:56.741,T,F I,1,15.5
HZO,20140304,14:09:56.744,T,F I,99,15.5
HZO,20140304,14:09:56.745,T,F I,1,15.5
HZO,20140304,14:09:56.852,T,F I,99,15.5
HZO,20140304,14:09:56.852,T,F,100,15.5
HZO,20140304,14:09:56.957,T,F I,1,15.5
HZO,20140304,14:09:57.060,T,F I,99,15.5
HZO,20140304,14:09:57.060,T,F,100,15.5
HZO,20140304,14:09:57.362,T,F,100,15.5
HZO,20140304,14:10:04.420,T,F,100,15.5
HZO,20140304,14:10:04.420,T,F,100,15.5
HZO,20140304,14:11:00.173,P,F,100,15.5
HZO,20140304,14:11:01.389,T,F,100,15.5
HZO,20140304,14:11:01.391,T,@,100,15.5
HZO,20140304,14:11:01.391,T,@,100,15.5
HZO,20140304,14:11:01.391,P,F,100,15.5
HZO,20140304,14:11:01.393,N,F,100,15.5
HZO,20140304,14:11:01.399,T,@,100,15.5
HZO,20140304,14:11:12.296,N,I,1,15.5
HZO,20140304,14:11:43.068,T,F,100,15.5
HZO,20140304,14:11:43.068,N,F,100,15.5
HZO,20140304,14:11:43.342,T,F,100,15.5
HZO,20140304,14:11:46.135,T,F,100,15.5
HZO,20140304,14:11:46.136,T,@,100,15.5
HZO,20140304,14:11:49.188,T,F,100,15.5
HZO,20140304,14:11:58.460,T,F,100,15.5
HZO,20140304,14:12:07.935,T,F I,10,15.5
HZO,20140304,14:12:12.188,T,F I,90,15.5
HZO,20140304,14:12:12.188,T,F I,10,15.5
HZO,20140304,14:13:03.379,P,F,100,15.5
HZO,20140304,14:13:03.380,T,F I,90,15.5
HZO,20140304,14:13:03.380,T,F I,10,15.5
HZO,20140304,14:13:58.361,N,F,100,15.5
HZO,20140304,14:13:58.362,N,@,200,15.5
HZO,20140304,14:13:58.385,T,F I,90,15.5
HZO,20140304,14:13:58.386,T,F I,10,15.5
HZO,20140304,14:13:58.417,T,F I,90,15.5
HZO,20140304,14:13:58.417,T,F I,10,15.5
HZO,20140304,14:13:58.423,T,I,90,15.5
HZO,20140304,14:13:58.423,T,@,100,15.5
HZO,20140304,14:13:58.443,T,I,3,15.5
HZO,20140304,14:13:58.453,T,I,97,15.5
HZO,20140304,14:13:58.453,T,@,100,15.5
HZO,20140304,14:13:58.453,T,I,3,15.5
HZO,20140304,14:13:58.453,P,@,100,15.5
HZO,20140304,14:13:58.485,T,F,100,15.5
HZO,20140304,14:13:58.542,P,F,100,15.5
HZO,20140304,14:13:58.564,T,F,100,15.5
HZO,20140304,14:13:58.596,T,@,100,15.5
HZO,20140304,14:14:02.417,T,F,100,15.5
HZO,20140304,14:15:05.873,T,@,100,15.5
HZO,20140304,14:15:05.874,N,@,100,15.5
HZO,20140304,14:15:05.878,T,@,100,15.5
HZO,20140304,14:15:05.881,N,@,100,15.5
HZO,20140304,14:15:05.955,N,@,100,15.5
HZO,20140304,14:15:05.956,T,@,100,15.5
HZO,20140304,14:15:06.045,T,@,100,15.5
HZO,20140304,14:15:06.284,T,@,100,15.5
HZO,20140304,14:15:06.478,T,F,100,15.5
HZO,20140304,14:15:06.576,T,@,100,15.5
HZO,20140304,14:15:07.135,D,@,100,15.5
HZO,20140304,14:15:08.530,T,F,100,15.5
HZO,20140304,14:15:15.944,T,F,100,15.5
HZO,20140304,14:16:09.410,T,F,100,15.5
HZO,20140304,14:19:59.534,D,@,100,15.5
HZO,20140304,14:20:12.368,B,F,100,15.5
HZO,20140304,14:20:12.369,N,F,300,15.5
HZO,20140304,14:20:12.446,T,F,100,15.5
HZO,20140304,14:20:12.632,T,@,100,15.5
HZO,20140304,14:20:17.264,D,@,100,15.5
HZO,20140304,14:22:19.222,N,@,300,15.5
HZO,20140304,14:22:19.223,T,@,100,15.5
HZO,20140304,14:22:20.062,J,F,100,15.5
HZO,20140304,14:22:20.062,T,F,100,15.5
HZO,20140304,14:23:23.483,T,F,100,15.5
HZO,20140304,14:24:19.399,T,F,100,15.5
HZO,20140304,14:24:19.399,Z,F,100,15.5
HZO,20140304,14:25:22.448,T,F,100,15.5
HZO,20140304,14:26:20.172,T,I,3,15.5
HZO,20140304,14:27:08.213,T,F I,97,15.5
HZO,20140304,14:27:08.213,T,F I,3,15.5
HZO,20140304,14:27:08.214,T,I,97,15.5
HZO,20140304,14:27:08.214,T,I,3,15.5
HZO,20140304,14:27:08.218,T,F,100,15.5
HZO,20140304,14:27:08.314,T,F I,69,15.5
HZO,20140304,14:27:08.314,T,I,31,15.5
HZO,20140304,14:27:08.314,T,I,69,15.5
HZO,20140304,14:27:11.769,D,@,100,15.5
HZO,20140304,14:27:17.370,P,F,100,15.5
HZO,20140304,14:27:17.371,T,F I,31,15.5
HZO,20140304,14:27:17.371,T,F I,69,15.5
HZO,20140304,14:27:17.373,T,I,31,15.5
HZO,20140304,14:27:17.373,T,I,69,15.5
HZO,20140304,14:27:17.382,P,F I,33,15.5
HZO,20140304,14:27:18.880,D,@,100,15.5
HZO,20140304,14:27:25.712,N,@,300,15.54
HZO,20140304,14:28:24.762,N,@,200,15.55
HZO,20140304,14:28:24.878,Z,F,100,15.54
HZO,20140304,14:28:24.879,J,F,100,15.54
HZO,20140304,14:28:24.880,K,F,100,15.54
HZO,20140304,14:28:24.880,N,F,200,15.54
HZO,20140304,14:28:24.885,N,F,100,15.54
HZO,20140304,14:28:24.903,C,F,100,15.54
HZO,20140304,14:28:24.943,D,@,500,15.54
HZO,20140304,14:28:24.943,D,@,100,15.5425
HZO,20140304,14:30:39.434,J,@,100,15.55
HZO,20140304,14:30:39.441,B,F,100,15.55
HZO,20140304,14:30:39.455,N,F,200,15.55
HZO,20140304,14:32:15.767,N,@,100,15.54
HZO,20140304,14:32:15.941,C,F,100,15.53
HZO,20140304,14:32:17.075,K,F,100,15.54
HZO,20140304,14:32:36.379,D,@,100,15.55
HZO,20140304,14:33:21.825,D,@,500,15.535
HZO,20140304,14:33:21.825,D,@,200,15.535
HZO,20140304,14:33:21.995,D,@,600,15.535
HZO,20140304,14:33:24.236,D,@,600,15.535
HZO,20140304,14:33:24.774,D,@,600,15.535
HZO,20140304,14:33:25.104,D,@,400,15.535
HZO,20140304,14:33:26.044,D,@,600,15.535
HZO,20140304,14:33:26.244,D,@,500,15.535
HZO,20140304,14:34:07.893,D,@,100,15.55
HZO,20140304,14:34:07.894,D,@,100,15.55
HZO,20140304,14:34:07.906,D,@,100,15.55
HZO,20140304,14:34:07.913,B,F,100,15.55
HZO,20140304,14:34:07.916,D,@,100,15.55
HZO,20140304,14:34:08.123,D,@,100,15.55
HZO,20140304,14:35:35.585,N,I,30,15.55
HZO,20140304,14:36:05.058,D,@,33010,15.55
HZO,20140304,14:36:22.484,T,F,100,15.52
HZO,20140304,14:36:22.484,T,F,100,15.52
HZO,20140304,14:36:22.485,Z,F,100,15.52
HZO,20140304,14:36:22.485,P,F I,1,15.52
HZO,20140304,14:36:22.485,P,F I,1,15.52
HZO,20140304,14:36:22.485,Z,F,100,15.52
HZO,20140304,14:36:22.485,P,F I,98,15.52
HZO,20140304,14:36:22.485,N,F,400,15.52
HZO,20140304,14:36:22.486,P,F I,2,15.52
HZO,20140304,14:36:22.487,T,F,100,15.51
HZO,20140304,14:36:22.488,Z,F I,66,15.51
HZO,20140304,14:36:22.489,Z,I,34,15.51
HZO,20140304,14:36:22.526,C,F,100,15.52
HZO,20140304,14:36:46.590,N,F,100,15.51
HZO,20140304,14:39:04.265,Y,@,100,15.54
HZO,20140304,14:39:04.347,T,@,200,15.54
HZO,20140304,14:39:04.348,P,F,100,15.54
HZO,20140304,14:39:04.348,N,F,100,15.54
HZO,20140304,14:39:04.356,N,@,200,15.54
HZO,20140304,14:39:04.359,D,@,100,15.54
HZO,20140304,14:40:08.425,N,F,200,15.56
HZO,20140304,14:40:30.105,Z,F,100,15.56
HZO,20140304,14:40:30.158,T,@,100,15.55
HZO,20140304,14:40:30.159,N,@,100,15.55
HZO,20140304,14:40:37.206,D,@,100,15.54
HZO,20140304,14:41:11.401,N,F,300,15.56
HZO,20140304,14:43:30.182,D,I,3,15.57
HZO,20140304,14:46:21.721,D,I,90,15.57
HZO,20140304,14:47:11.778,D,@,100,15.54
HZO,20140304,14:47:13.367,B,F,100,15.57
HZO,20140304,14:47:13.430,D,@,100,15.55
HZO,20140304,14:47:14.328,N,@,100,15.57
HZO,20140304,14:47:14.330,T,F,200,15.57
HZO,20140304,14:47:14.330,T,F,100,15.57
HZO,20140304,14:47:21.862,K,F,100,15.58
HZO,20140304,14:47:21.862,X,F,100,15.58
HZO,20140304,14:48:00.485,N,@,100,15.58
HZO,20140304,14:49:11.660,C,F,100,15.58
HZO,20140304,14:49:11.660,C,F I,39,15.58
HZO,20140304,14:52:19.402,B,F,100,15.61
HZO,20140304,14:52:19.404,N,F,100,15.61
HZO,20140304,14:52:21.988,D,I,3,15.62
HZO,20140304,14:52:43.305,T,@,100,15.59
HZO,20140304,14:52:43.308,Z,F,100,15.59
HZO,20140304,14:52:43.308,Z,F,100,15.59
HZO,20140304,14:53:12.973,Y,I,95,15.61
HZO,20140304,14:53:15.126,N,@,100,15.62
HZO,20140304,14:53:15.976,T,@,100,15.62
HZO,20140304,14:53:17.421,N,F,100,15.62
HZO,20140304,14:53:22.088,K,@,100,15.6
HZO,20140304,14:53:22.094,D,@,100,15.6001
HZO,20140304,14:53:22.097,D,@,100,15.6
HZO,20140304,14:53:22.101,D,@,100,15.6001
HZO,20140304,14:53:22.120,D,F,500,15.59
HZO,20140304,14:53:27.461,D,F I,93,15.59
HZO,20140304,14:53:45.643,K,@,100,15.58
HZO,20140304,14:53:45.648,N,F,100,15.58
HZO,20140304,14:53:45.649,N,F,100,15.58
HZO,20140304,14:53:45.707,N,F,100,15.57
HZO,20140304,14:54:52.608,D,@,100,15.55
HZO,20140304,14:56:24.430,D,F,500,15.59
HZO,20140304,14:56:52.627,P,@,100,15.57
HZO,20140304,14:56:57.562,T,I,71,15.59
HZO,20140304,14:56:57.563,N,@,100,15.59
HZO,20140304,14:56:57.563,Z,F,100,15.59
HZO,20140304,14:56:57.567,D,F I,72,15.59
HZO,20140304,14:56:57.625,T,F,100,15.59
HZO,20140304,14:57:19.452,N,F,100,15.62
HZO,20140304,14:57:19.452,X,F,100,15.62
HZO,20140304,14:57:19.453,T,F,100,15.62
HZO,20140304,14:57:19.539,T,F,100,15.62
HZO,20140304,14:57:47.875,T,F,100,15.62
HZO,20140304,14:57:47.875,P,F I,28,15.62
HZO,20140304,14:57:47.878,P,I,72,15.62
HZO,20140304,14:57:47.954,T,F,100,15.63
HZO,20140304,14:57:48.064,D,@,100,15.6275
HZO,20140304,14:58:39.923,N,@,100,15.62
HZO,20140304,14:58:43.570,N,F,100,15.64
HZO,20140304,14:58:43.630,B,F,100,15.65
HZO,20140304,14:58:43.666,P,F,100,15.65
HZO,20140304,14:58:43.666,Z,F,100,15.65
HZO,20140304,14:58:43.667,N,F,100,15.65
HZO,20140304,15:00:20.202,D,I,3,15.68
HZO,20140304,15:00:37.664,N,@,100,15.68
HZO,20140304,15:00:37.665,T,F,100,15.66
HZO,20140304,15:01:14.364,K,F,100,15.68
HZO,20140304,15:01:14.365,P,F,100,15.68
HZO,20140304,15:02:17.490,Z,@,100,15.72
HZO,20140304,15:02:18.316,D,@,100,15.714
HZO,20140304,15:02:22.334,D,@,200,15.71
HZO,20140304,15:02:22.344,D,@,1100,15.7
HZO,20140304,15:02:22.371,B,@,100,15.72
HZO,20140304,15:02:22.588,D,@,100,15.705
HZO,20140304,15:02:22.595,D,@,100,15.705
HZO,20140304,15:02:22.605,D,@,100,15.71
HZO,20140304,15:02:22.606,D,@,100,15.7
HZO,20140304,15:02:22.710,D,@,400,15.71
HZO,20140304,15:02:22.815,D,@,100,15.705
HZO,20140304,15:02:22.835,D,@,100,15.705
HZO,20140304,15:02:22.845,D,@,200,15.705
HZO,20140304,15:02:22.875,D,@,100,15.705
HZO,20140304,15:02:23.582,D,@,100,15.714
HZO,20140304,15:02:23.887,D,@,100,15.705
HZO,20140304,15:02:25.084,K,F,100,15.71
HZO,20140304,15:02:25.091,K,F,100,15.71
HZO,20140304,15:02:25.097,P,@,100,15.71
HZO,20140304,15:02:25.122,C,F,100,15.71
HZO,20140304,15:02:29.281,D,@,100,15.69
HZO,20140304,15:02:29.285,D,@,100,15.705
HZO,20140304,15:02:29.291,D,@,100,15.705
HZO,20140304,15:02:29.293,D,@,100,15.705
HZO,20140304,15:02:29.296,D,@,100,15.705
HZO,20140304,15:02:29.493,D,@,100,15.6975
HZO,20140304,15:02:31.853,P,F,100,15.69
HZO,20140304,15:02:31.854,N,F,200,15.69
HZO,20140304,15:02:31.855,T,F,100,15.68
HZO,20140304,15:02:31.856,N,F,100,15.68
HZO,20140304,15:02:31.857,P,F,100,15.67
HZO,20140304,15:02:31.862,T,F,100,15.66
HZO,20140304,15:02:31.862,T,F I,20,15.65
HZO,20140304,15:02:31.868,D,@,100,15.67
HZO,20140304,15:02:34.263,T,F,100,15.65
HZO,20140304,15:02:34.264,T,@,100,15.65
HZO,20140304,15:02:37.458,D,@,100,15.635
HZO,20140304,15:02:37.470,D,@,100,15.635
HZO,20140304,15:02:40.238,T,@,100,15.62
HZO,20140304,15:02:40.238,T,@,100,15.62
HZO,20140304,15:02:40.238,T,@,100,15.62
HZO,20140304,15:02:40.240,T,@,100,15.62
HZO,20140304,15:02:40.443,N,F,100,15.63
HZO,20140304,15:02:45.576,D,@,100,15.62
HZO,20140304,15:03:02.007,P,F,100,15.61
HZO,20140304,15:03:02.007,P,F,100,15.61
HZO,20140304,15:03:02.011,T,F I,1,15.6
HZO,20140304,15:03:02.018,D,@,100,15.605
HZO,20140304,15:03:08.687,T,@,100,15.62
HZO,20140304,15:03:08.687,T,I,1,15.62
HZO,20140304,15:03:20.688,D,@,500,15.62
HZO,20140304,15:03:20.702,D,@,400,15.62
HZO,20140304,15:03:20.710,D,@,500,15.62
HZO,20140304,15:03:20.713,D,@,375,15.6196
HZO,20140304,15:03:20.715,T,F I,99,15.62
HZO,20140304,15:03:20.715,T,F I,1,15.62
HZO,20140304,15:03:20.723,D,@,300,15.62
HZO,20140304,15:03:20.745,D,@,300,15.62
HZO,20140304,15:03:20.769,T,F I,99,15.62
HZO,20140304,15:03:20.769,T,@,100,15.62
HZO,20140304,15:03:20.865,D,@,100,15.62
HZO,20140304,15:03:21.511,T,F I,20,15.62
HZO,20140304,15:03:21.828,T,F I,20,15.62
HZO,20140304,15:03:27.628,T,I,60,15.62
HZO,20140304,15:03:27.628,T,I,40,15.62
HZO,20140304,15:03:33.195,N,F,100,15.6
HZO,20140304,15:03:33.195,N,F,165,15.59
HZO,20140304,15:04:20.534,D,@,100,15.63
HZO,20140304,15:05:52.911,T,@,100,15.64
HZO,20140304,15:06:33.695,D,@,200,15.63
HZO,20140304,15:07:19.470,N,@,100,15.65
HZO,20140304,15:07:35.730,Y,@,100,15.65
HZO,20140304,15:07:35.747,D,@,600,15.65
HZO,20140304,15:07:35.751,D,@,100,15.65
HZO,20140304,15:07:35.751,D,@,600,15.65
HZO,20140304,15:07:35.769,D,@,600,15.65
HZO,20140304,15:07:35.801,D,@,500,15.65
HZO,20140304,15:07:35.805,D,@,500,15.65
HZO,20140304,15:07:35.819,D,@,100,15.65
HZO,20140304,15:07:35.819,D,@,100,15.65
HZO,20140304,15:07:35.822,N,@,200,15.65
HZO,20140304,15:07:35.822,T,@,100,15.65
HZO,20140304,15:07:35.822,T,@,100,15.65
HZO,20140304,15:07:35.825,Z,@,100,15.65
HZO,20140304,15:07:35.825,K,F,100,15.65
HZO,20140304,15:07:35.858,D,@,500,15.65
HZO,20140304,15:07:35.858,D,@,600,15.65
HZO,20140304,15:07:35.968,D,@,200,15.67
HZO,20140304,15:07:38.462,D,@,200,15.65
HZO,20140304,15:08:00.493,N,F,200,15.65
HZO,20140304,15:08:00.493,T,F,100,15.65
HZO,20140304,15:08:00.504,D,@,200,15.65
HZO,20140304,15:08:00.606,D,@,200,15.66
HZO,20140304,15:08:11.408,D,F,100,15.67
HZO,20140304,15:08:12.879,D,@,100,15.67
HZO,20140304,15:08:29.819,T,F,100,15.665
HZO,20140304,15:08:29.819,Z,F,100,15.665
HZO,20140304,15:08:30.016,D,@,200,15.67
HZO,20140304,15:08:31.273,N,F,100,15.67
HZO,20140304,15:08:32.060,Z,F,100,15.67
HZO,20140304,15:09:08.160,J,I,1,15.66
HZO,20140304,15:09:08.171,D,I,7,15.66
HZO,20140304,15:09:08.174,N,@,100,15.66
HZO,20140304,15:09:08.174,T,@,100,15.67
HZO,20140304,15:09:08.174,T,F,100,15.67
HZO,20140304,15:09:39.290,T,F I,1,15.68
HZO,20140304,15:09:49.310,D,@,100,15.68
HZO,20140304,15:09:54.357,D,@,100,15.68
HZO,20140304,15:10:14.402,T,F I,99,15.68
HZO,20140304,15:10:14.402,T,F I,1,15.68
HZO,20140304,15:10:14.406,D,F,100,15.68
HZO,20140304,15:10:14.406,D,F,100,15.68
HZO,20140304,15:10:14.701,Y,I,71,15.67
HZO,20140304,15:10:14.702,T,F I,29,15.67
HZO,20140304,15:10:14.702,P,@,100,15.675
HZO,20140304,15:10:32.713,T,@,100,15.675
HZO,20140304,15:10:37.703,P,@,100,15.675
HZO,20140304,15:10:39.433,P,@,100,15.675
HZO,20140304,15:10:48.707,T,@,100,15.675
HZO,20140304,15:11:05.397,B,@,100,15.68
HZO,20140304,15:11:10.409,P,F,100,15.68
HZO,20140304,15:11:10.409,K,F,100,15.68
HZO,20140304,15:11:10.410,T,F I,99,15.68
HZO,20140304,15:11:10.651,D,@,100,15.69
HZO,20140304,15:11:10.652,D,@,200,15.69
HZO,20140304,15:11:10.662,T,@,100,15.68
HZO,20140304,15:11:10.662,P,F I,1,15.68
HZO,20140304,15:11:10.666,P,F I,1,15.68
HZO,20140304,15:11:15.226,N,@,171,15.69
HZO,20140304,15:11:19.295,D,@,100,15.69
HZO,20140304,15:11:19.319,D,@,100,15.69
HZO,20140304,15:11:19.320,D,@,100,15.69
HZO,20140304,15:11:19.326,D,@,100,15.69
HZO,20140304,15:11:19.341,D,@,100,15.69
HZO,20140304,15:11:19.346,D,@,100,15.69
HZO,20140304,15:11:19.363,D,@,100,15.69
HZO,20140304,15:11:19.370,N,F,100,15.69
HZO,20140304,15:11:19.526,D,@,100,15.69
HZO,20140304,15:11:20.438,D,@,100,15.69
HZO,20140304,15:12:06.348,D,@,100,15.69
HZO,20140304,15:12:06.358,D,@,100,15.69
HZO,20140304,15:12:07.385,P,F I,1,15.67
HZO,20140304,15:16:30.278,D,@,100,15.66
HZO,20140304,15:16:30.279,B,F,100,15.66
HZO,20140304,15:16:37.262,P,F I,1,15.64
HZO,20140304,15:16:37.262,P,F I,1,15.64
HZO,20140304,15:16:40.650,P,@,100,15.65
HZO,20140304,15:16:47.261,D,I,40,15.6301
HZO,20140304,15:17:15.645,T,@,100,15.65
HZO,20140304,15:17:15.645,T,F I,5,15.66
HZO,20140304,15:17:25.261,N,@,100,15.66
HZO,20140304,15:17:25.262,T,F I,95,15.66
HZO,20140304,15:17:25.262,J,F I,5,15.67
HZO,20140304,15:17:25.272,D,@,230,15.65
HZO,20140304,15:17:25.449,N,F,100,15.66
HZO,20140304,15:17:41.399,N,F,100,15.66
HZO,20140304,15:17:41.505,T,F,100,15.66
HZO,20140304,15:17:56.668,Z,F,100,15.66
HZO,20140304,15:17:56.939,P,@,100,15.66
HZO,20140304,15:19:15.728,K,@,100,15.68
HZO,20140304,15:19:46.422,B,@,100,15.7
HZO,20140304,15:19:46.430,Y,@,100,15.7
HZO,20140304,15:19:46.452,D,@,100,15.7
HZO,20140304,15:19:46.466,D,@,100,15.7
HZO,20140304,15:19:46.526,P,F I,29,15.69
HZO,20140304,15:19:46.537,T,@,100,15.7
HZO,20140304,15:19:46.542,N,F I,71,15.7
HZO,20140304,15:19:46.546,P,@,100,15.7
HZO,20140304,15:19:46.546,N,@,129,15.7
HZO,20140304,15:19:46.548,D,@,100,15.7
HZO,20140304,15:19:46.548,D,@,100,15.7
HZO,20140304,15:19:46.550,T,F I,29,15.7
HZO,20140304,15:19:46.719,K,@,100,15.715
HZO,20140304,15:19:46.729,Y,F I,30,15.71
HZO,20140304,15:21:51.798,D,@,100,15.725
HZO,20140304,15:22:00.213,T,I,3,15.74
HZO,20140304,15:22:06.330,Y,F,100,15.74
HZO,20140304,15:22:09.363,N,@,100,15.74
HZO,20140304,15:22:09.904,T,F I,97,15.74
HZO,20140304,15:22:09.904,T,F I,3,15.74
HZO,20140304,15:22:10.781,Z,F,100,15.74
HZO,20140304,15:22:10.782,T,F,100,15.74
HZO,20140304,15:22:10.877,P,F I,16,15.74
HZO,20140304,15:22:10.887,Y,F I,84,15.75
HZO,20140304,15:22:10.933,N,F,100,15.75
HZO,20140304,15:22:10.941,D,I,16,15.75
HZO,20140304,15:22:11.027,N,@,100,15.75
HZO,20140304,15:22:11.156,D,I,54,15.75
HZO,20140304,15:22:11.166,D,I,29,15.7499
HZO,20140304,15:22:11.167,D,I,17,15.7499
HZO,20140304,15:22:36.727,T,@,100,15.76
HZO,20140304,15:22:36.728,T,@,100,15.75
HZO,20140304,15:23:01.404,B,F,100,15.77
HZO,20140304,15:23:09.432,B,F,100,15.78
HZO,20140304,15:23:09.432,P,F I,13,15.77
HZO,20140304,15:23:09.432,Z,F I,87,15.78
HZO,20140304,15:23:09.505,N,F,100,15.78
HZO,20140304,15:23:15.990,Z,I,13,15.78
HZO,20140304,15:23:16.003,T,I,17,15.8
HZO,20140304,15:23:16.003,T,I,70,15.8
HZO,20140304,15:23:23.749,Z,F I,17,15.77
HZO,20140304,15:23:23.750,J,F,100,15.77
HZO,20140304,15:23:23.750,Z,F I,83,15.77
HZO,20140304,15:23:23.750,N,F,200,15.77
HZO,20140304,15:23:23.751,B,F,100,15.77
HZO,20140304,15:23:23.798,Z,F I,17,15.77
HZO,20140304,15:23:27.606,N,@,100,15.77
HZO,20140304,15:23:47.390,T,@,100,15.77
HZO,20140304,15:23:59.119,P,F,100,15.77
HZO,20140304,15:23:59.119,T,F,100,15.77
HZO,20140304,15:23:59.120,T,F I,17,15.77
HZO,20140304,15:23:59.121,T,F I,83,15.77
HZO,20140304,15:24:14.679,P,F I,1,15.76
HZO,20140304,15:24:14.711,P,F,100,15.76
HZO,20140304,15:24:14.712,C,F,100,15.76
HZO,20140304,15:24:14.712,P,F,100,15.75
HZO,20140304,15:24:14.783,N,F,400,15.76
HZO,20140304,15:24:24.167,D,@,20250,15.75
HZO,20140304,15:25:30.279,T,@,100,15.75
HZO,20140304,15:25:34.607,J,F,100,15.76
HZO,20140304,15:25:34.610,D,@,100,15.76
HZO,20140304,15:25:39.599,D,@,100,15.76
HZO,20140304,15:25:59.975,D,@,100,15.76
HZO,20140304,15:26:05.112,B,F,100,15.76
HZO,20140304,15:26:05.167,Z,F,100,15.76
HZO,20140304,15:26:05.168,T,@,100,15.75
HZO,20140304,15:26:05.169,N,F,100,15.76
HZO,20140304,15:26:10.259,Z,F,100,15.77
HZO,20140304,15:26:15.365,D,@,100,15.78
HZO,20140304,15:26:20.523,B,F,100,15.78
HZO,20140304,15:26:25.999,N,F,100,15.78
HZO,20140304,15:26:30.624,Z,F,100,15.78
HZO,20140304,15:26:30.625,N,F I,23,15.78
HZO,20140304,15:26:31.072,T,F,100,15.78
HZO,20140304,15:27:06.935,P,F,100,15.79
HZO,20140304,15:27:06.935,T,F,100,15.79
HZO,20140304,15:27:07.023,T,F,100,15.79
HZO,20140304,15:27:07.023,P,F I,95,15.79
HZO,20140304,15:27:39.968,T,I,78,15.8
HZO,20140304,15:27:39.968,N,I,22,15.8
HZO,20140304,15:28:07.492,K,I,1,15.79
HZO,20140304,15:28:39.926,T,F,100,15.78
HZO,20140304,15:28:39.927,T,F I,98,15.78
HZO,20140304,15:28:39.927,T,F I,2,15.78
HZO,20140304,15:28:39.927,P,F I,1,15.78
HZO,20140304,15:28:39.927,P,F,100,15.78
HZO,20140304,15:28:39.927,P,F I,97,15.78
HZO,20140304,15:28:39.952,C,@,100,15.78
HZO,20140304,15:28:40.589,P,@,100,15.78
HZO,20140304,15:28:40.626,K,@,100,15.78
HZO,20140304,15:28:53.615,Z,@,100,15.78
HZO,20140304,15:28:53.615,Z,@,100,15.78
HZO,20140304,15:29:34.479,P,F I,3,15.75
HZO,20140304,15:29:34.479,P,I,1,15.75
HZO,20140304,15:29:34.584,T,F,100,15.77
HZO,20140304,15:29:34.584,P,F,100,15.77
HZO,20140304,15:29:34.615,D,I,50,15.77
HZO,20140304,15:29:34.687,N,I,1,15.75
HZO,20140304,15:29:34.688,N,F I,95,15.78
HZO,20140304,15:29:40.912,K,F,100,15.78
HZO,20140304,15:31:04.529,N,@,100,15.78
HZO,20140304,15:31:04.530,T,F,100,15.78
HZO,20140304,15:31:04.530,T,F,100,15.78
HZO,20140304,15:31:26.804,Y,@,100,15.78
HZO,20140304,15:31:26.804,T,F,100,15.78
HZO,20140304,15:32:05.916,T,F I,29,15.76
HZO,20140304,15:32:05.916,T,F I,71,15.76
HZO,20140304,15:32:05.916,T,F I,29,15.76
HZO,20140304,15:32:05.916,P,F I,1,15.76
HZO,20140304,15:32:05.916,K,F I,70,15.76
HZO,20140304,15:32:05.917,K,I,30,15.76
HZO,20140304,15:32:05.972,C,F I,70,15.76
HZO,20140304,15:32:21.863,T,@,100,15.75
HZO,20140304,15:32:21.864,T,F,100,15.75
HZO,20140304,15:32:31.076,D,@,100,15.75
HZO,20140304,15:33:09.276,D,@,100,15.75
HZO,20140304,15:33:09.277,D,@,200,15.75
HZO,20140304,15:33:09.280,D,@,100,15.75
HZO,20140304,15:33:09.281,D,@,100,15.75
HZO,20140304,15:33:09.283,P,@,100,15.75
HZO,20140304,15:33:09.283,Z,I,99,15.75
HZO,20140304,15:33:09.283,T,@,100,15.75
HZO,20140304,15:33:09.283,P,I,1,15.75
HZO,20140304,15:33:09.283,N,@,600,15.75
HZO,20140304,15:33:09.285,D,@,100,15.75
HZO,20140304,15:33:09.286,D,@,100,15.75
HZO,20140304,15:33:09.294,K,F,100,15.75
HZO,20140304,15:33:09.299,Z,I,1,15.75
HZO,20140304,15:33:09.300,D,@,100,15.75
HZO,20140304,15:33:09.483,D,@,100,15.75
HZO,20140304,15:33:09.506,D,@,100,15.75
HZO,20140304,15:33:10.325,N,@,2561,15.75
HZO,20140304,15:33:10.410,T,@,200,15.75
HZO,20140304,15:33:10.410,B,@,200,15.75
HZO,20140304,15:33:10.411,P,@,200,15.75
HZO,20140304,15:33:10.411,Z,@,100,15.75
HZO,20140304,15:33:10.411,N,@,1100,15.75
HZO,20140304,15:33:10.413,N,F I,79,15.75
HZO,20140304,15:34:13.086,T,F,100,15.75
HZO,20140304,15:34:13.097,T,F I,21,15.74
HZO,20140304,15:34:13.098,T,F I,79,15.74
HZO,20140304,15:34:18.067,N,@,200,15.74
HZO,20140304,15:34:20.842,N,@,600,15.75
HZO,20140304,15:34:20.844,T,@,100,15.75
HZO,20140304,15:34:23.070,T,F,300,15.74
HZO,20140304,15:34:23.071,N,F,179,15.74
HZO,20140304,15:34:23.071,N,I,21,15.74
HZO,20140304,15:34:23.076,T,F I,1,15.74
HZO,20140304,15:34:32.751,N,F,100,15.74
HZO,20140304,15:34:32.764,N,F,100,15.73
HZO,20140304,15:34:34.432,T,@,100,15.73
HZO,20140304,15:34:34.432,T,@,400,15.73
HZO,20140304,15:34:34.435,P,F,100,15.73
HZO,20140304,15:34:34.437,Z,@,100,15.72
HZO,20140304,15:34:34.448,N,@,100,15.7
HZO,20140304,15:34:34.448,T,F I,29,15.71
HZO,20140304,15:34:34.448,T,F I,71,15.71
HZO,20140304,15:34:34.448,T,F I,29,15.71
HZO,20140304,15:34:44.968,P,I,6,15.7
HZO,20140304,15:35:50.478,N,F,300,15.72
HZO,20140304,15:36:17.032,B,@,100,15.72
HZO,20140304,15:36:41.356,B,F,100,15.72
HZO,20140304,15:36:41.356,N,F,100,15.72
HZO,20140304,15:36:41.590,N,@,100,15.72
HZO,20140304,15:36:42.114,T,F,100,15.72
HZO,20140304,15:36:45.265,Y,@,100,15.72
HZO,20140304,15:36:45.299,D,@,100,15.72
HZO,20140304,15:36:45.299,D,@,100,15.72
HZO,20140304,15:36:45.338,T,@,100,15.72
HZO,20140304,15:36:45.338,P,@,100,15.72
HZO,20140304,15:36:45.346,K,@,200,15.72
HZO,20140304,15:36:45.347,N,F I,2,15.72
HZO,20140304,15:36:47.993,N,F,100,15.73
HZO,20140304,15:36:50.470,N,F,300,15.73
HZO,20140304,15:37:04.814,D,@,100,15.73
HZO,20140304,15:37:04.820,N,F,300,15.73
HZO,20140304,15:37:04.822,T,F,200,15.73
HZO,20140304,15:37:04.843,T,@,100,15.73
HZO,20140304,15:37:04.843,T,@,100,15.73
HZO,20140304,15:37:47.843,B,F,100,15.74
HZO,20140304,15:37:55.409,N,F,500,15.74
HZO,20140304,15:37:55.412,T,I,98,15.74
HZO,20140304,15:37:55.413,N,I,2,15.74
HZO,20140304,15:37:55.428,T,I,2,15.74
HZO,20140304,15:37:55.428,T,I,79,15.74
HZO,20140304,15:37:55.524,T,F,100,15.75
HZO,20140304,15:37:55.524,T,F,100,15.75
HZO,20140304,15:37:55.524,N,F,200,15.75
HZO,20140304,15:37:55.558,N,@,100,15.75
HZO,20140304,15:37:55.592,N,@,100,15.75
HZO,20140304,15:37:55.599,D,@,100,15.75
HZO,20140304,15:37:55.602,T,F I,19,15.75
HZO,20140304,15:38:12.796,P,I,1,15.75
HZO,20140304,15:39:09.526,D,@,100,15.75
HZO,20140304,15:39:14.866,P,@,100,15.73
HZO,20140304,15:39:14.866,P,@,100,15.73
HZO,20140304,15:39:14.866,P,I,1,15.73
HZO,20140304,15:39:14.866,P,I,99,15.73
HZO,20140304,15:39:14.867,T,@,100,15.73
HZO,20140304,15:39:14.867,T,@,100,15.73
HZO,20140304,15:39:14.867,Y,F I,2,15.73
HZO,20140304,15:39:14.868,Z,F I,13,15.73
HZO,20140304,15:39:30.007,J,@,200,15.735
HZO,20140304,15:39:56.094,D,@,100,15.73
HZO,20140304,15:40:01.775,J,@,100,15.735
HZO,20140304,15:40:21.218,D,@,100,15.735
HZO,20140304,15:40:26.267,B,F,100,15.74
HZO,20140304,15:40:32.783,N,F,100,15.74
HZO,20140304,15:40:44.610,N,F,300,15.74
HZO,20140304,15:40:44.611,P,F,100,15.74
HZO,20140304,15:40:44.612,K,F,100,15.74
HZO,20140304,15:40:44.613,N,@,100,15.74
HZO,20140304,15:40:44.613,N,I,1,15.74
HZO,20140304,15:40:44.682,D,@,100,15.7375
HZO,20140304,15:40:44.682,D,@,100,15.735
HZO,20140304,15:40:44.776,D,@,200,15.74
HZO,20140304,15:40:44.832,Z,@,281,15.74
HZO,20140304,15:40:44.917,D,@,100,15.74
HZO,20140304,15:40:44.979,P,I,1,15.74
HZO,20140304,15:40:44.979,P,I,4,15.73
HZO,20140304,15:40:45.367,P,@,100,15.74
HZO,20140304,15:40:48.555,D,@,100,15.74
HZO,20140304,15:41:11.255,D,@,100,15.74
HZO,20140304,15:41:16.882,D,@,100,15.745
HZO,20140304,15:41:33.356,D,@,170,15.7499
HZO,20140304,15:41:37.575,T,@,100,15.75
HZO,20140304,15:41:37.575,K,@,100,15.75
HZO,20140304,15:41:37.575,Z,@,100,15.75
HZO,20140304,15:41:37.575,N,@,300,15.75
HZO,20140304,15:41:37.576,P,@,400,15.75
HZO,20140304,15:41:37.985,N,@,100,15.8
HZO,20140304,15:41:43.533,P,I,1,15.77
HZO,20140304,15:41:43.533,P,I,4,15.77
HZO,20140304,15:41:45.181,J,F,100,15.77
HZO,20140304,15:41:45.181,K,F,100,15.77
HZO,20140304,15:41:45.182,B,F,100,15.77
HZO,20140304,15:41:45.182,K,F,100,15.77
HZO,20140304,15:41:45.182,P,F,100,15.77
HZO,20140304,15:41:45.182,P,I,66,15.77
HZO,20140304,15:41:45.204,C,F,100,15.77
HZO,20140304,15:42:03.608,B,@,100,15.8
HZO,20140304,15:42:03.866,K,@,100,15.78
HZO,20140304,15:42:06.185,N,@,100,15.78
HZO,20140304,15:42:06.208,T,F I,13,15.78
HZO,20140304,15:42:16.465,T,I,87,15.78
HZO,20140304,15:42:16.465,T,I,13,15.78
HZO,20140304,15:42:16.555,T,I,87,15.78
HZO,20140304,15:42:16.555,T,I,83,15.78
HZO,20140304,15:42:17.407,D,@,100,15.785
HZO,20140304,15:42:27.494,T,@,100,15.8
HZO,20140304,15:42:27.494,T,@,200,15.8
HZO,20140304,15:42:27.500,K,@,300,15.8
HZO,20140304,15:42:27.500,P,I,34,15.8
HZO,20140304,15:42:27.500,P,I,66,15.8
HZO,20140304,15:42:27.600,D,@,100,15.8
HZO,20140304,15:42:27.639,J,F,100,15.81
HZO,20140304,15:43:04.593,P,I,2,15.8
HZO,20140304,15:43:09.289,D,F,100,15.83
HZO,20140304,15:43:09.294,D,I,30,15.8299
HZO,20140304,15:43:25.596,B,F,100,15.83
HZO,20140304,15:43:44.439,D,@,100,15.81
HZO,20140304,15:43:51.538,N,F,100,15.83
HZO,20140304,15:43:51.541,N,@,100,15.83
HZO,20140304,15:43:51.541,J,@,100,15.82
HZO,20140304,15:43:51.643,T,F,100,15.83
HZO,20140304,15:44:03.171,P,I,1,15.83
HZO,20140304,15:44:03.171,J,I,2,15.83
HZO,20140304,15:44:03.266,P,@,200,15.83
HZO,20140304,15:44:06.448,Y,@,100,15.84
HZO,20140304,15:44:06.448,Y,I,48,15.84
HZO,20140304,15:44:15.109,D,@,100,15.83
HZO,20140304,15:44:19.131,Z,@,100,15.84
HZO,20140304,15:44:19.131,T,@,100,15.84
HZO,20140304,15:44:19.131,N,@,113,15.84
HZO,20140304,15:44:19.131,T,@,400,15.84
HZO,20140304,15:44:19.134,T,@,100,15.84
HZO,20140304,15:44:19.134,T,@,400,15.84
HZO,20140304,15:44:19.137,Y,I,52,15.84
HZO,20140304,15:44:19.205,T,F,100,15.85
HZO,20140304,15:44:19.316,N,F,100,15.85
HZO,20140304,15:44:25.527,P,I,3,15.86
HZO,20140304,15:44:28.297,D,@,300,15.855
HZO,20140304,15:44:40.336,T,F I,21,15.87
HZO,20140304,15:44:40.338,P,F I,1,15.85
HZO,20140304,15:44:40.339,P,F I,12,15.85
HZO,20140304,15:44:43.293,N,F I,63,15.87
HZO,20140304,15:44:55.946,N,@,400,15.85
HZO,20140304,15:44:55.953,D,@,100,15.85
HZO,20140304,15:45:00.204,P,@,100,15.87
HZO,20140304,15:45:00.204,P,F,100,15.88
HZO,20140304,15:45:00.204,P,F,100,15.88
HZO,20140304,15:45:00.205,Z,F,100,15.88
HZO,20140304,15:45:00.205,T,F,100,15.88
HZO,20140304,15:45:00.205,T,F,140,15.87
HZO,20140304,15:45:00.206,K,F,200,15.85
HZO,20140304,15:45:00.206,T,F I,60,15.87
HZO,20140304,15:45:00.206,N,@,100,15.86
HZO,20140304,15:45:00.208,N,@,100,15.87
HZO,20140304,15:45:00.209,N,F,200,15.88
HZO,20140304,15:45:00.222,P,F,100,15.88
HZO,20140304,15:45:00.660,D,@,100,15.87
HZO,20140304,15:45:02.890,J,F I,98,15.88
HZO,20140304,15:45:02.902,T,F,262,15.88
HZO,20140304,15:45:05.306,J,@,100,15.88
HZO,20140304,15:45:10.488,P,I,1,15.88
HZO,20140304,15:45:12.015,P,@,100,15.89
HZO,20140304,15:45:12.394,Z,@,100,15.88
HZO,20140304,15:45:12.394,J,@,100,15.88
HZO,20140304,15:45:12.394,K,@,100,15.88
HZO,20140304,15:45:12.394,T,@,100,15.88
HZO,20140304,15:45:12.395,N,I,88,15.88
HZO,20140304,15:45:12.397,T,F I,40,15.88
HZO,20140304,15:45:12.418,D,@,100,15.88
HZO,20140304,15:45:12.464,C,@,100,15.88
HZO,20140304,15:45:12.590,T,F,100,15.87
HZO,20140304,15:45:12.597,T,F,100,15.85
HZO,20140304,15:45:15.304,N,@,100,15.85
HZO,20140304,15:45:27.460,N,@,100,15.85
HZO,20140304,15:45:37.465,N,@,100,15.85
HZO,20140304,15:45:37.731,K,@,100,15.86
HZO,20140304,15:45:46.555,P,I,1,15.85
HZO,20140304,15:45:58.827,T,@,100,15.85
HZO,20140304,15:45:58.827,T,@,200,15.85
HZO,20140304,15:45:58.827,T,@,100,15.85
HZO,20140304,15:45:58.827,Z,F I,12,15.85
HZO,20140304,15:45:58.828,Z,@,100,15.85
HZO,20140304,15:45:58.828,Z,I,88,15.85
HZO,20140304,15:45:58.833,T,I,12,15.85
HZO,20140304,15:45:58.845,T,I,15,15.85
HZO,20140304,15:46:03.838,Z,I,40,15.84
HZO,20140304,15:46:03.839,P,I,90,15.84
HZO,20140304,15:46:08.707,N,@,100,15.83
HZO,20140304,15:46:26.529,B,@,100,15.83
HZO,20140304,15:46:31.550,P,I,1,15.81
HZO,20140304,15:46:31.550,P,I,1,15.81
HZO,20140304,15:46:37.861,T,F I,40,15.83
HZO,20140304,15:46:49.693,D,@,100,15.83
HZO,20140304,15:46:52.681,D,@,100,15.83
HZO,20140304,15:46:57.551,Z,I,40,15.82
HZO,20140304,15:46:57.551,Z,I,20,15.82
HZO,20140304,15:47:02.531,Z,@,100,15.815
HZO,20140304,15:47:02.544,N,@,200,15.81
HZO,20140304,15:47:02.553,D,@,100,15.81
HZO,20140304,15:47:08.212,N,@,100,15.81
HZO,20140304,15:47:14.856,Y,F I,73,15.82
HZO,20140304,15:47:14.865,N,F I,27,15.82
HZO,20140304,15:47:27.372,D,@,1300,15.82
HZO,20140304,15:47:27.427,D,@,325,15.82
HZO,20140304,15:47:28.841,D,@,200,15.82
HZO,20140304,15:47:32.715,P,@,100,15.81
HZO,20140304,15:47:32.716,N,@,400,15.81
HZO,20140304,15:47:32.716,T,F,100,15.81
HZO,20140304,15:47:32.716,Z,F I,63,15.81
HZO,20140304,15:47:32.734,D,@,100,15.815
HZO,20140304,15:47:32.764,C,@,100,15.81
HZO,20140304,15:47:33.803,D,I,20,15.8199
HZO,20140304,15:47:33.847,Z,I,37,15.81
HZO,20140304,15:47:33.847,K,@,100,15.81
HZO,20140304,15:47:33.847,Z,I,40,15.81
HZO,20140304,15:47:33.847,K,@,100,15.81
HZO,20140304,15:47:33.848,N,F I,23,15.81
HZO,20140304,15:47:33.849,N,@,200,15.81
HZO,20140304,15:47:33.850,N,I,77,15.81
HZO,20140304,15:47:43.278,P,I,99,15.775
HZO,20140304,15:47:43.285,Z,I,1,15.78
HZO,20140304,15:47:43.286,T,F I,12,15.76
HZO,20140304,15:47:48.287,P,F,100,15.77
HZO,20140304,15:48:02.958,B,F,100,15.79
HZO,20140304,15:48:02.958,T,F,100,15.79
HZO,20140304,15:48:05.591,Z,I,39,15.79
HZO,20140304,15:48:08.543,P,F I,1,15.77
HZO,20140304,15:48:08.543,N,F,100,15.76
HZO,20140304,15:48:08.543,P,F I,99,15.76
HZO,20140304,15:48:08.544,T,F I,40,15.78
HZO,20140304,15:48:11.560,D,@,100,15.77
HZO,20140304,15:48:24.640,N,F,100,15.76
HZO,20140304,15:48:39.996,Z,F I,40,15.77
HZO,20140304,15:48:39.996,Z,F I,60,15.77
HZO,20140304,15:49:25.617,Z,@,100,15.775
HZO,20140304,15:49:33.322,T,F I,40,15.78
HZO,20140304,15:49:33.323,Z,F I,12,15.77
HZO,20140304,15:50:02.566,B,F I,28,15.78
HZO,20140304,15:50:17.587,B,I,72,15.78
HZO,20140304,15:50:17.598,D,@,100,15.775
HZO,20140304,15:50:28.434,T,F,560,15.78
HZO,20140304,15:50:28.434,P,F,100,15.78
HZO,20140304,15:50:28.434,K,F,100,15.78
HZO,20140304,15:50:28.434,N,F,1102,15.78
HZO,20140304,15:50:28.434,N,F,600,15.79
HZO,20140304,15:50:28.435,P,F,100,15.78
HZO,20140304,15:50:28.435,P,F,100,15.78
HZO,20140304,15:50:28.435,P,F,100,15.78
HZO,20140304,15:50:28.435,P,F,100,15.78
HZO,20140304,15:50:28.435,P,F,100,15.79
HZO,20140304,15:50:28.436,D,F,100,15.78
HZO,20140304,15:50:28.437,N,F,100,15.8
HZO,20140304,15:50:28.444,T,F I,40,15.82
HZO,20140304,15:50:28.444,T,F I,40,15.82
HZO,20140304,15:50:28.475,D,@,100,15.8
HZO,20140304,15:50:28.545,D,@,100,15.78
HZO,20140304,15:50:28.556,P,F I,1,15.81
HZO,20140304,15:50:28.954,Y,F I,99,15.8
HZO,20140304,15:50:28.954,P,F I,1,15.8
HZO,20140304,15:50:28.954,Y,F I,1,15.8
HZO,20140304,15:50:28.954,P,F I,58,15.8
HZO,20140304,15:50:28.954,Y,F I,40,15.8
HZO,20140304,15:50:29.062,C,F,100,15.8
HZO,20140304,15:50:30.002,P,I,5,15.8
HZO,20140304,15:50:44.721,D,@,250,15.8058
HZO,20140304,15:50:44.965,D,@,200,15.805
HZO,20140304,15:50:45.327,D,@,300,15.8085
HZO,20140304,15:50:45.603,T,F,100,15.81
HZO,20140304,15:50:45.858,D,@,13200,15.8
HZO,20140304,15:50:46.878,B,F,100,15.81
HZO,20140304,15:50:48.056,P,I,2,15.8
HZO,20140304,15:50:51.663,P,F I,35,15.8
HZO,20140304,15:50:51.663,P,F,100,15.8
HZO,20140304,15:50:51.663,P,F,100,15.8
HZO,20140304,15:50:51.663,T,F,100,15.805
HZO,20140304,15:50:51.663,Z,F,100,15.8
HZO,20140304,15:50:51.663,K,F,100,15.8
HZO,20140304,15:50:51.663,T,F,100,15.8
HZO,20140304,15:50:51.773,D,@,100,15.8
HZO,20140304,15:50:51.773,D,@,100,15.8
HZO,20140304,15:50:51.778,D,@,300,15.8
HZO,20140304,15:50:51.783,D,@,300,15.8
HZO,20140304,15:50:51.885,D,@,600,15.8
HZO,20140304,15:50:51.972,N,@,100,15.8
HZO,20140304,15:50:51.972,N,F,100,15.79
HZO,20140304,15:50:51.972,T,F,100,15.79
HZO,20140304,15:50:51.973,Z,F,100,15.79
HZO,20140304,15:50:52.007,D,@,100,15.7901
HZO,20140304,15:50:52.268,D,@,637,15.7985
HZO,20140304,15:51:07.125,T,@,100,15.8
HZO,20140304,15:51:26.811,K,F,200,15.79
HZO,20140304,15:51:34.688,B,F I,40,15.8
HZO,20140304,15:51:34.711,N,F I,14,15.79
HZO,20140304,15:51:47.088,P,F,100,15.79
HZO,20140304,15:51:48.456,N,@,903,15.8
HZO,20140304,15:51:48.456,N,F,500,15.81
HZO,20140304,15:51:48.456,N,F,500,15.82
HZO,20140304,15:51:48.456,P,@,100,15.8
HZO,20140304,15:51:48.456,N,@,200,15.83
HZO,20140304,15:51:48.456,N,@,200,15.83
HZO,20140304,15:51:48.457,B,@,160,15.8
HZO,20140304,15:51:48.457,T,@,200,15.8
HZO,20140304,15:51:48.457,N,@,100,15.83
HZO,20140304,15:51:48.457,K,@,200,15.8
HZO,20140304,15:51:48.457,T,F,200,15.8
HZO,20140304,15:51:48.457,N,@,200,15.83
HZO,20140304,15:51:48.457,N,@,200,15.83
HZO,20140304,15:51:48.457,N,@,160,15.83
HZO,20140304,15:51:48.457,Y,F,100,15.82
HZO,20140304,15:51:48.458,N,F,100,15.83
HZO,20140304,15:51:48.460,P,F I,40,15.83
HZO,20140304,15:51:48.471,P,I,18,15.83
HZO,20140304,15:51:48.474,D,@,100,15.8
HZO,20140304,15:51:48.501,N,@,100,15.83
HZO,20140304,15:51:48.515,N,F,100,15.83
HZO,20140304,15:51:49.580,J,@,100,15.83
HZO,20140304,15:51:49.803,P,F,100,15.83
HZO,20140304,15:51:49.804,J,@,100,15.83
HZO,20140304,15:51:49.804,K,@,100,15.83
HZO,20140304,15:51:49.804,N,@,300,15.83
HZO,20140304,15:52:06.168,N,@,500,15.84
HZO,20140304,15:52:06.169,P,F I,16,15.84
HZO,20140304,15:52:06.169,P,F I,84,15.84
HZO,20140304,15:52:06.169,Z,I,40,15.84
HZO,20140304,15:52:06.169,T,F,100,15.84
HZO,20140304,15:52:06.169,P,F,100,15.84
HZO,20140304,15:52:06.169,Z,F I,60,15.84
HZO,20140304,15:52:06.169,P,I,16,15.84
HZO,20140304,15:52:06.178,K,F,400,15.84
HZO,20140304,15:52:24.998,T,F,100,15.85
HZO,20140304,15:52:24.999,T,F,100,15.85
HZO,20140304,15:52:25.697,N,@,100,15.85
HZO,20140304,15:52:27.291,Z,F,100,15.855
HZO,20140304,15:52:27.291,Z,F,100,15.85
HZO,20140304,15:52:27.291,Z,F,100,15.85
HZO,20140304,15:52:27.291,Z,F,100,15.85
HZO,20140304,15:52:27.301,P,I,1,15.85
HZO,20140304,15:52:29.488,Z,@,100,15.845
HZO,20140304,15:52:29.504,N,@,400,15.84
HZO,20140304,15:52:34.509,Z,@,100,15.845
HZO,20140304,15:52:53.050,B,@,200,15.85
HZO,20140304,15:52:53.080,D,@,600,15.85
HZO,20140304,15:52:53.081,D,@,600,15.85
HZO,20140304,15:52:53.094,D,@,600,15.85
HZO,20140304,15:52:53.193,D,@,600,15.85
HZO,20140304,15:52:53.196,D,@,400,15.85
HZO,20140304,15:52:53.200,D,@,400,15.85
HZO,20140304,15:52:53.246,P,I,53,15.85
HZO,20140304,15:52:53.246,P,@,100,15.85
HZO,20140304,15:52:53.247,P,@,147,15.85
HZO,20140304,15:52:53.255,Z,@,100,15.85
HZO,20140304,15:52:53.256,P,F I,53,15.85
HZO,20140304,15:52:53.256,K,F,100,15.85
HZO,20140304,15:52:53.256,N,@,100,15.85
HZO,20140304,15:52:53.303,D,@,500,15.85
HZO,20140304,15:52:53.303,D,@,100,15.85
HZO,20140304,15:52:53.304,D,@,300,15.85
HZO,20140304,15:52:53.431,N,F,100,15.85
HZO,20140304,15:52:53.431,J,F,200,15.85
HZO,20140304,15:52:53.432,J,F I,47,15.85
HZO,20140304,15:52:54.919,D,@,200,15.85
HZO,20140304,15:52:56.853,J,F,153,15.85
HZO,20140304,15:52:56.860,Y,F,100,15.86
HZO,20140304,15:52:58.027,Y,F I,40,15.86
HZO,20140304,15:53:03.072,P,I,3,15.85
HZO,20140304,15:53:14.612,N,@,200,15.85
HZO,20140304,15:53:15.102,Z,F I,12,15.85
HZO,20140304,15:53:15.939,Z,F I,28,15.85
HZO,20140304,15:53:15.939,Z,F I,72,15.85
HZO,20140304,15:53:16.449,N,@,100,15.85
HZO,20140304,15:53:20.426,N,@,1000,15.86
HZO,20140304,15:53:59.805,B,@,100,15.86
HZO,20140304,15:53:59.808,K,@,100,15.85
HZO,20140304,15:53:59.811,Y,@,100,15.86
HZO,20140304,15:53:59.811,Y,@,107,15.86
HZO,20140304,15:53:59.820,D,@,200,15.86
HZO,20140304,15:53:59.843,D,@,100,15.86
HZO,20140304,15:53:59.844,D,@,100,15.86
HZO,20140304,15:53:59.849,D,@,200,15.86
HZO,20140304,15:53:59.900,D,@,100,15.86
HZO,20140304,15:53:59.903,D,@,100,15.86
HZO,20140304,15:53:59.903,D,@,200,15.86
HZO,20140304,15:53:59.906,N,F,613,15.86
HZO,20140304,15:53:59.910,Z,F,100,15.86
HZO,20140304,15:53:59.910,Z,F,200,15.86
HZO,20140304,15:53:59.911,T,F,100,15.86
HZO,20140304,15:53:59.911,P,F,100,15.86
HZO,20140304,15:53:59.911,P,@,100,15.86
HZO,20140304,15:53:59.911,P,@,100,15.86
HZO,20140304,15:53:59.914,K,F,100,15.86
HZO,20140304,15:53:59.914,K,F I,53,15.86
HZO,20140304,15:53:59.931,D,@,100,15.86
HZO,20140304,15:53:59.931,D,@,100,15.86
HZO,20140304,15:53:59.932,D,@,100,15.86
HZO,20140304,15:54:00.124,D,@,100,15.8585
HZO,20140304,15:54:01.724,P,I,1,15.86
HZO,20140304,15:54:01.724,P,I,2,15.86
HZO,20140304,15:54:06.040,P,F,100,15.86
HZO,20140304,15:54:17.067,J,@,100,15.86
HZO,20140304,15:54:17.637,D,@,125,15.87
HZO,20140304,15:54:24.074,P,I,3,15.86
HZO,20140304,15:54:47.773,T,@,100,15.87
HZO,20140304,15:54:47.773,B,@,100,15.87
HZO,20140304,15:54:51.458,J,F,100,15.87
HZO,20140304,15:54:51.465,D,@,100,15.87
HZO,20140304,15:54:51.466,N,F,200,15.87
HZO,20140304,15:54:51.475,D,@,100,15.87
HZO,20140304,15:54:51.475,D,@,100,15.869
HZO,20140304,15:54:51.475,D,@,200,15.869
HZO,20140304,15:54:51.481,Z,F I,12,15.86
HZO,20140304,15:54:51.524,C,F,100,15.86
HZO,20140304,15:55:00.391,N,@,400,15.87
HZO,20140304,15:55:00.442,Z,@,200,15.87
HZO,20140304,15:55:00.442,Z,I,47,15.87
HZO,20140304,15:55:00.454,B,F,100,15.87
HZO,20140304,15:55:00.454,P,F I,72,15.87
HZO,20140304,15:55:00.763,D,@,100,15.87
HZO,20140304,15:55:00.771,N,F I,53,15.87
HZO,20140304,15:55:00.789,N,@,186,15.88
HZO,20140304,15:55:01.030,D,@,100,15.87
HZO,20140304,15:55:01.030,D,@,100,15.87
HZO,20140304,15:55:01.060,P,F,100,15.87
HZO,20140304,15:55:01.060,N,@,100,15.87
HZO,20140304,15:55:09.057,P,I,1,15.87
HZO,20140304,15:55:09.057,P,I,1,15.87
HZO,20140304,15:55:09.959,D,@,100,15.88
HZO,20140304,15:55:23.648,N,@,600,15.88
HZO,20140304,15:55:23.650,N,F,200,15.88
HZO,20140304,15:55:23.650,N,I,14,15.88
HZO,20140304,15:55:23.651,P,I,21,15.88
HZO,20140304,15:55:23.659,N,I,21,15.89
HZO,20140304,15:55:23.691,N,@,100,15.88
HZO,20140304,15:55:40.788,D,@,100,15.89
HZO,20140304,15:55:45.849,N,@,100,15.88
HZO,20140304,15:55:46.038,N,F,900,15.89
HZO,20140304,15:55:49.591,P,I,5,15.88
HZO,20140304,15:55:54.289,T,@,100,15.88
HZO,20140304,15:55:54.289,N,@,100,15.88
HZO,20140304,15:56:00.084,J,F,100,15.89
HZO,20140304,15:56:00.084,J,F,200,15.89
HZO,20140304,15:56:00.085,N,F,100,15.89
HZO,20140304,15:56:00.088,N,F,100,15.89
HZO,20140304,15:56:00.089,T,F I,12,15.88
HZO,20140304,15:56:06.707,N,F,100,15.89
HZO,20140304,15:56:06.708,T,F,100,15.89
HZO,20140304,15:56:06.939,N,F,100,15.89
HZO,20140304,15:56:08.411,N,F,100,15.89
HZO,20140304,15:56:08.413,N,F I,85,15.89
HZO,20140304,15:56:10.019,T,@,100,15.895
HZO,20140304,15:56:10.019,K,@,100,15.89
HZO,20140304,15:56:10.019,K,I,82,15.89
HZO,20140304,15:56:10.027,N,F I,18,15.89
HZO,20140304,15:56:13.484,N,F,100,15.89
HZO,20140304,15:56:15.774,N,F,100,15.89
HZO,20140304,15:56:15.794,P,@,100,15.89
HZO,20140304,15:56:15.795,T,@,100,15.89
HZO,20140304,15:56:15.795,T,@,100,15.89
HZO,20140304,15:56:15.796,P,@,100,15.89
HZO,20140304,15:56:15.797,N,I,97,15.89
HZO,20140304,15:56:15.798,P,I,1,15.89
HZO,20140304,15:56:21.723,T,@,100,15.88
HZO,20140304,15:56:29.909,Z,I,9,15.87
HZO,20140304,15:56:29.909,T,F I,91,15.87
HZO,20140304,15:56:29.910,T,F I,9,15.87
HZO,20140304,15:56:29.910,T,F I,55,15.87
HZO,20140304,15:56:29.910,T,F,100,15.87
HZO,20140304,15:56:29.931,K,I,85,15.87
HZO,20140304,15:56:34.614,P,I,6,15.84
HZO,20140304,15:56:43.164,B,@,100,15.87
HZO,20140304,15:56:44.835,B,@,100,15.87
HZO,20140304,15:56:47.415,B,@,100,15.87
HZO,20140304,15:56:48.982,Y,@,100,15.87
HZO,20140304,15:56:49.641,D,@,100,15.87
HZO,20140304,15:56:49.860,J,@,100,15.86
HZO,20140304,15:56:54.402,D,@,100,15.8699
HZO,20140304,15:56:55.066,D,@,100,15.87
HZO,20140304,15:56:55.606,Z,@,100,15.86
HZO,20140304,15:56:55.619,T,@,100,15.85
HZO,20140304,15:56:55.620,K,@,100,15.85
HZO,20140304,15:56:55.626,C,@,100,15.85
HZO,20140304,15:56:59.040,D,@,100,15.85
HZO,20140304,15:57:01.185,D,I,28,15.85
HZO,20140304,15:57:01.185,D,I,72,15.85
HZO,20140304,15:57:02.860,D,@,100,15.85
HZO,20140304,15:57:02.868,N,@,100,15.85
HZO,20140304,15:57:05.345,D,@,100,15.85
HZO,20140304,15:57:06.640,D,@,100,15.85
HZO,20140304,15:57:08.845,D,@,100,15.85
HZO,20140304,15:57:10.126,D,@,100,15.85
HZO,20140304,15:57:12.094,D,@,500,15.83
HZO,20140304,15:57:12.766,D,@,100,15.85
HZO,20140304,15:57:14.381,D,@,100,15.85
HZO,20140304,15:57:16.244,D,@,100,15.85
HZO,20140304,15:57:18.345,D,@,100,15.85
HZO,20140304,15:57:19.848,D,@,100,15.85
HZO,20140304,15:57:20.152,Z,@,100,15.84
HZO,20140304,15:57:20.162,N,@,100,15.83
HZO,20140304,15:57:20.163,T,F I,14,15.83
HZO,20140304,15:57:25.343,B,@,100,15.85
HZO,20140304,15:57:25.401,D,@,100,15.8499
HZO,20140304,15:57:27.169,Y,I,3,15.85
HZO,20140304,15:57:27.280,Y,I,97,15.85
HZO,20140304,15:57:27.721,N,F I,3,15.85
HZO,20140304,15:57:29.320,D,@,100,15.85
HZO,20140304,15:57:31.763,D,@,100,15.85
HZO,20140304,15:57:33.330,B,@,100,15.85
HZO,20140304,15:57:34.825,D,@,100,15.85
HZO,20140304,15:57:37.756,D,@,100,15.85
HZO,20140304,15:57:38.724,N,F,100,15.85
HZO,20140304,15:57:41.795,N,F,100,15.85
HZO,20140304,15:57:42.450,N,F,100,15.85
HZO,20140304,15:57:42.498,Z,@,100,15.845
HZO,20140304,15:57:44.696,Z,@,100,15.845
HZO,20140304,15:57:44.833,D,@,100,15.845
HZO,20140304,15:57:46.177,Z,@,100,15.845
HZO,20140304,15:57:48.432,Y,F,100,15.84
HZO,20140304,15:57:48.447,P,F I,1,15.84
HZO,20140304,15:57:48.447,P,F I,68,15.84
HZO,20140304,15:57:48.447,P,F I,31,15.84
HZO,20140304,15:57:48.470,D,@,100,15.845
HZO,20140304,15:57:51.676,N,F,100,15.85
HZO,20140304,15:57:52.646,N,F,100,15.85
HZO,20140304,15:57:52.690,D,@,100,15.845
HZO,20140304,15:57:53.460,Z,F I,23,15.84
HZO,20140304,15:57:54.635,N,F,100,15.85
HZO,20140304,15:57:55.589,D,@,100,15.8499
HZO,20140304,15:57:55.623,D,@,100,15.845
HZO,20140304,15:57:57.651,D,@,100,15.85
HZO,20140304,15:58:00.044,B,@,100,15.85
HZO,20140304,15:58:00.091,Z,@,100,15.845
HZO,20140304,15:58:01.355,N,F,500,15.85
HZO,20140304,15:58:01.395,Z,@,100,15.845
HZO,20140304,15:58:02.710,Z,F,100,15.845
HZO,20140304,15:58:02.722,Z,F,100,15.84
HZO,20140304,15:58:02.727,Z,F I,77,15.84
HZO,20140304,15:58:02.755,P,F,100,15.84
HZO,20140304,15:58:04.603,P,I,7,15.83
HZO,20140304,15:58:07.690,B,@,100,15.84
HZO,20140304,15:58:08.942,B,@,100,15.84
HZO,20140304,15:58:09.248,Z,@,100,15.835
HZO,20140304,15:58:13.330,B,@,100,15.84
HZO,20140304,15:58:14.982,B,@,100,15.84
HZO,20140304,15:58:15.009,Z,@,100,15.835
HZO,20140304,15:58:19.213,N,F,100,15.84
HZO,20140304,15:58:19.248,Z,@,100,15.835
HZO,20140304,15:58:22.697,N,F,100,15.83
HZO,20140304,15:58:22.701,Z,F I,14,15.83
HZO,20140304,15:58:23.515,N,I,78,15.84
HZO,20140304,15:58:23.582,B,@,100,15.84
HZO,20140304,15:58:23.611,Z,@,100,15.835
HZO,20140304,15:58:26.389,D,@,100,15.8399
HZO,20140304,15:58:27.854,P,I,22,15.84
HZO,20140304,15:58:27.854,P,I,68,15.84
HZO,20140304,15:58:27.854,P,I,10,15.84
HZO,20140304,15:58:28.446,D,@,100,15.84
HZO,20140304,15:58:28.485,Z,@,100,15.835
HZO,20140304,15:58:32.368,N,F,100,15.84
HZO,20140304,15:58:32.722,Z,F,100,15.835
HZO,20140304,15:58:32.971,Z,@,100,15.835
