DATE,TIME_M,EX,SYM_ROOT,SYM_SUFFIX,BID,BIDSIZ,ASK,ASKSIZ,QU_COND,BIDEX,ASKEX,QU_SEQNUM,NATBBO_IND,NASDBBO_IND,QU_CANCEL,QU_SOURCE
20140304,4:00:00.267,P,HZO,,0,0,0,0,R,P,P,65,2,2,,C
20140304,7:39:12.964,P,HZO,,0,0,18.29,18,R,P,P,35912,1,2,,C
20140304,7:39:12.969,P,HZO,,0,0,16.99,10,R,P,P,35913,1,2,,C
20140304,7:39:12.972,P,HZO,,10.26,18,16.99,10,R,P,P,35914,1,2,,C
20140304,7:39:12.974,T,HZO,,10.77,1,0,0,R,T,T,35915,6,2,,C
20140304,7:39:12.975,P,HZO,,11.52,18,16.99,10,R,P,P,35916,1,2,,C
20140304,7:39:12.975,T,HZO,,10.77,1,16.14,1,R,T,T,35917,6,2,,C
20140304,7:39:18.995,T,HZO,,0,0,16.14,1,R,T,T,36119,0,2,,C
20140304,7:39:18.996,T,HZO,,12.1,1,16.14,1,R,T,T,36124,1,2,,C
20140304,8:30:14.375,W,HZO,,0,0,0,0,R,W,W,60611,0,2,,C
20140304,8:58:01.699,T,HZO,,12.1,1,18.97,1,R,T,T,86701,6,2,,C
20140304,8:58:01.699,T,HZO,,9.98,1,18.97,1,R,T,T,86702,6,2,,C
20140304,8:58:01.710,T,HZO,,0,0,18.97,1,R,T,T,86709,0,2,,C
20140304,8:58:01.710,T,HZO,,0,0,0,0,R,T,T,86710,0,2,,C
20140304,8:58:01.710,T,HZO,,9.5,1,0,0,R,T,T,86711,0,2,,C
20140304,8:58:01.710,T,HZO,,9.5,1,19.97,1,R,T,T,86712,0,2,,C
20140304,8:59:53.623,T,HZO,,12.1,1,19.97,1,R,T,T,88298,6,2,,C
20140304,8:59:53.645,T,HZO,,12.1,1,16.14,1,R,T,T,88301,1,2,,C
20140304,9:15:53.575,P,HZO,,11.52,18,16.25,1,R,P,P,100277,0,2,,C
20140304,9:15:54.380,P,HZO,,11.52,18,16,1,R,P,P,100288,6,2,,C
20140304,9:15:54.382,T,HZO,,12.1,1,18.97,1,R,T,T,100289,0,2,,C
20140304,9:15:54.383,T,HZO,,12.1,1,15.62,1,R,T,T,100290,1,2,,C
20140304,9:20:49.950,Z,HZO,,0,0,14.38,1,R,Z,Z,104735,6,2,,C
20140304,9:20:49.950,Z,HZO,,14.1,1,14.38,1,R,Z,Z,104748,1,2,,C
20140304,9:20:49.950,T,HZO,,10.16,1,15.62,1,R,T,T,104754,0,2,,C
20140304,9:20:49.950,T,HZO,,10.16,1,18.36,1,R,T,T,104755,0,2,,C
20140304,9:20:49.961,T,HZO,,11.63,1,18.36,1,R,T,T,104800,0,2,,C
20140304,9:20:49.962,T,HZO,,11.63,1,18.4,1,R,T,T,104803,0,2,,C
20140304,9:20:49.962,T,HZO,,11.63,1,16.9,1,R,T,T,104804,0,2,,C
20140304,9:24:31.492,Z,HZO,,14.1,1,14.33,1,R,Z,Z,108081,1,2,,C
20140304,9:25:04.638,Z,HZO,,14.1,1,0,0,R,Z,Z,109080,6,2,,C
20140304,9:25:04.643,Z,HZO,,0,0,0,0,R,Z,Z,109112,6,2,,C
20140304,9:25:04.654,T,HZO,,11.63,1,15.63,1,R,T,T,109146,1,2,,C
20140304,9:25:04.657,T,HZO,,12.21,1,15.63,1,R,T,T,109147,1,2,,C
20140304,9:25:59.336,T,HZO,,12.21,1,14.32,1,R,T,T,111322,1,2,,C
20140304,9:25:59.336,P,HZO,,11.52,18,14.61,1,R,P,P,111323,0,2,,C
20140304,9:25:59.337,T,HZO,,14.12,1,14.32,1,R,T,T,111325,1,2,,C
20140304,9:25:59.337,P,HZO,,13.83,1,14.61,1,R,P,P,111328,0,2,,C
20140304,9:25:59.461,P,HZO,,13.83,1,14.32,1,R,P,P,111569,0,2,,C
20140304,9:25:59.461,P,HZO,,14.12,1,14.32,1,R,P,P,111576,0,2,,C
20140304,9:25:59.908,Z,HZO,,14.12,1,0,0,R,Z,Z,111752,0,2,,C
20140304,9:25:59.911,Z,HZO,,14.12,1,14.32,1,R,Z,Z,111755,0,2,,C
20140304,9:26:00.000,K,HZO,,14.12,1,0,0,R,K,K,111920,0,2,,C
20140304,9:26:00.002,K,HZO,,14.12,1,14.32,1,R,K,K,111925,0,2,,C
20140304,9:29:18.022,Y,HZO,,0,0,15.76,1,R,Y,Y,119268,0,2,,C
20140304,9:29:18.022,Y,HZO,,13.13,1,15.33,1,R,Y,Y,119269,0,2,,C
20140304,9:29:44.524,P,HZO,,14.12,1,15.49,1,R,P,P,120716,0,2,,C
20140304,9:29:44.524,P,HZO,,14.12,1,14.28,1,R,P,P,120720,6,2,,C
20140304,9:29:44.734,Z,HZO,,14.12,1,14.28,1,R,Z,Z,120762,0,2,,C
20140304,9:29:44.892,T,HZO,,14.12,1,14.9,1,R,T,T,120789,6,2,,C
20140304,9:29:44.968,K,HZO,,14.12,1,0,0,R,K,K,120812,6,2,,C
20140304,9:29:45.030,T,HZO,,14.12,1,14.28,1,R,T,T,120859,0,2,,C
20140304,9:29:45.106,K,HZO,,14.12,1,14.28,1,R,K,K,121125,0,2,,C
20140304,9:29:56.392,Y,HZO,,13.83,1,14.57,1,R,Y,Y,123827,0,2,,C
20140304,9:29:56.469,Y,HZO,,13.83,2,14.57,1,R,Y,Y,123904,0,2,,C
20140304,9:29:56.469,Y,HZO,,13.83,2,14.57,2,R,Y,Y,123905,0,2,,C
20140304,9:29:56.826,Z,HZO,,14.12,1,14.32,1,R,Z,Z,124215,0,2,,C
20140304,9:29:57.096,T,HZO,,14.12,1,14.9,1,R,T,T,124232,0,2,,C
20140304,9:29:57.144,K,HZO,,14.12,1,0,0,R,K,K,124251,0,2,,C
20140304,9:29:57.235,P,HZO,,14.12,1,14.32,1,R,P,P,124261,6,2,,C
20140304,9:29:57.254,T,HZO,,14.12,1,14.32,1,R,T,T,124278,0,2,,C
20140304,9:29:57.349,K,HZO,,14.12,1,14.32,1,R,K,K,124305,0,2,,C
20140304,9:30:00.096,P,HZO,,14.13,3,14.32,1,R,P,P,124927,6,2,,C
20140304,9:30:00.136,J,HZO,,10.6,1,0,0,R,J,J,125202,0,2,,C
20140304,9:30:00.136,J,HZO,,10.6,1,17.89,1,R,J,J,125203,0,2,,C
20140304,9:30:00.545,P,HZO,,14.13,5,14.31,2,R,P,P,126702,1,2,,C
20140304,9:30:01.428,N,HZO,,14.06,5,14.25,11,O,N,N,129156,6,2,,C
20140304,9:30:01.429,T,HZO,,14.14,1,14.32,1,R,T,T,129157,6,2,,C
20140304,9:30:01.430,J,HZO,,13.13,1,15.33,1,R,J,J,129182,0,2,,C
20140304,9:30:01.430,N,HZO,,14.06,5,14.35,5,R,N,N,129188,6,2,,C
20140304,9:30:01.431,T,HZO,,14.15,1,14.32,1,R,T,T,129196,6,2,,C
20140304,9:30:01.437,N,HZO,,14.06,5,14.35,5,R,N,N,129250,0,2,A,C
20140304,9:30:01.470,T,HZO,,14.15,1,14.32,1,R,T,T,129552,0,2,A,C
20140304,9:30:01.521,T,HZO,,14.13,1,14.32,1,R,T,T,130089,6,2,,C
20140304,9:30:01.525,N,HZO,,14.06,5,14.35,5,R,N,N,130131,0,2,,C
20140304,9:30:01.542,N,HZO,,14.06,5,14.35,5,R,N,N,130271,0,2,A,C
20140304,9:30:01.560,D,HZO,,0,0,15.98,3,R,D,D,130389,0,1,A,C
20140304,9:30:01.588,N,HZO,,14.06,5,14.46,1,R,N,N,130539,0,0,A,C
20140304,9:30:01.611,N,HZO,,14.04,2,14.46,1,R,N,N,130623,0,0,A,C
20140304,9:30:01.614,N,HZO,,14.14,1,14.46,1,R,N,N,130635,6,0,A,C
20140304,9:30:01.637,N,HZO,,14.15,2,14.46,1,R,N,N,130763,6,0,A,C
20140304,9:30:01.670,N,HZO,,14.15,2,14.46,1,R,N,N,130856,0,0,A,C
20140304,9:30:01.827,Z,HZO,,14.12,1,14.31,2,R,Z,Z,131291,0,0,,C
20140304,9:30:01.839,N,HZO,,14.16,1,14.46,1,R,N,N,131324,6,0,A,C
20140304,9:30:01.842,N,HZO,,14.16,1,14.46,1,R,N,N,131330,0,0,A,C
20140304,9:30:01.898,N,HZO,,14.16,3,14.46,1,R,N,N,131465,6,0,A,C
20140304,9:30:01.932,N,HZO,,14.16,1,14.46,1,R,N,N,131510,6,0,A,C
20140304,9:30:02.005,P,HZO,,14.13,5,14.32,1,R,P,P,131888,6,0,,C
20140304,9:30:02.005,P,HZO,,14.13,2,14.32,1,R,P,P,131891,0,0,,C
20140304,9:30:02.013,P,HZO,,14.12,1,14.32,1,R,P,P,131993,0,0,,C
20140304,9:30:02.013,N,HZO,,14.16,1,14.46,1,R,N,N,132004,0,0,A,C
20140304,9:30:02.156,N,HZO,,14.16,1,14.31,1,R,N,N,132719,0,0,A,C
20140304,9:30:04.181,T,HZO,,14.12,1,14.32,1,R,T,T,135821,0,0,,C
20140304,9:30:04.514,B,HZO,,14.16,1,0,0,R,B,B,136811,0,0,,C
20140304,9:30:05.866,Z,HZO,,14.12,1,14.32,1,R,Z,Z,138315,6,0,,C
20140304,9:30:07.205,W,HZO,,0,0,14.6,1,R,W,W,139750,0,0,,C
20140304,9:30:07.206,W,HZO,,13.88,1,14.6,1,R,W,W,139751,0,0,,C
20140304,9:30:24.157,N,HZO,,14.16,3,14.31,1,R,N,N,155423,1,0,A,C
20140304,9:30:24.491,N,HZO,,14.16,3,14.46,6,R,N,N,155658,6,0,A,C
20140304,9:30:24.494,N,HZO,,14.16,3,14.46,6,R,N,N,155660,0,0,,C
20140304,9:30:24.499,W,HZO,,13.88,1,0,0,R,W,W,155663,0,0,,C
20140304,9:30:24.500,W,HZO,,13.88,1,14.61,1,R,W,W,155664,0,0,,C
20140304,9:30:26.605,N,HZO,,14.16,3,14.46,6,R,N,N,159818,0,0,A,C
20140304,9:30:31.875,P,HZO,,14.16,1,14.32,1,R,P,P,164964,0,0,,C
20140304,9:30:34.565,N,HZO,,14.16,3,14.46,6,R,N,N,167191,0,0,A,C
20140304,9:30:34.570,Y,HZO,,13.83,2,14.57,2,R,Y,Y,167245,0,0,A,C
20140304,9:30:34.571,T,HZO,,14.12,1,14.32,1,R,T,T,167248,0,0,A,C
20140304,9:30:43.572,K,HZO,,14.16,1,14.32,1,R,K,K,178371,6,0,,C
20140304,9:30:45.914,B,HZO,,14.16,2,0,0,R,B,B,181034,0,0,,C
20140304,9:30:53.823,T,HZO,,13.55,1,14.32,1,R,T,T,185502,0,0,A,C
20140304,9:30:53.906,T,HZO,,13.55,1,14.9,1,R,T,T,185585,0,0,A,C
20140304,9:30:53.932,P,HZO,,14.16,1,14.57,1,R,P,P,185633,0,0,,C
20140304,9:30:53.979,Z,HZO,,13.7,1,14.32,1,R,Z,Z,185696,6,0,,C
20140304,9:30:53.984,Z,HZO,,13.7,1,14.75,1,R,Z,Z,185737,0,0,,C
20140304,9:30:53.985,N,HZO,,14.17,1,14.46,6,R,N,N,185738,6,0,A,C
20140304,9:30:53.992,N,HZO,,14.17,1,14.45,1,R,N,N,185749,0,0,A,C
20140304,9:30:53.992,P,HZO,,14.16,1,14.46,1,R,P,P,185750,0,0,,C
20140304,9:30:53.992,W,HZO,,0,0,14.61,1,R,W,W,185751,0,0,,C
20140304,9:30:53.992,W,HZO,,13.89,1,14.61,1,R,W,W,185752,0,0,,C
20140304,9:30:53.992,P,HZO,,14.17,1,14.46,1,R,P,P,185753,0,0,,C
20140304,9:30:54.007,P,HZO,,14.18,1,14.46,1,R,P,P,185760,6,0,,C
20140304,9:30:54.012,W,HZO,,0,0,14.61,1,R,W,W,185764,0,0,,C
20140304,9:30:54.013,W,HZO,,13.9,1,14.61,1,R,W,W,185766,0,0,,C
20140304,9:30:54.043,N,HZO,,14.16,1,14.45,1,R,N,N,185818,0,0,A,C
20140304,9:30:54.052,P,HZO,,14.17,1,14.46,1,R,P,P,185827,6,0,,C
20140304,9:30:54.052,N,HZO,,14.04,1,14.45,1,R,N,N,185828,0,0,A,C
20140304,9:30:54.055,W,HZO,,0,0,14.61,1,R,W,W,185833,0,0,,C
20140304,9:30:54.056,W,HZO,,13.89,1,14.61,1,R,W,W,185834,0,0,,C
20140304,9:30:54.307,K,HZO,,14.16,1,14.66,1,R,K,K,186223,6,0,,C
20140304,9:30:54.307,N,HZO,,14.17,1,14.45,1,R,N,N,186233,0,0,A,C
20140304,9:30:54.308,T,HZO,,13.55,1,14.9,1,R,T,T,186235,0,0,,C
20140304,9:30:54.309,Y,HZO,,13.83,2,14.57,1,R,Y,Y,186252,0,0,A,C
20140304,9:30:54.309,Y,HZO,,13.83,2,15.33,1,R,Y,Y,186254,0,0,A,C
20140304,9:30:54.309,Y,HZO,,13.83,1,15.33,1,R,Y,Y,186255,0,0,A,C
20140304,9:30:54.309,Y,HZO,,13.13,1,15.33,1,R,Y,Y,186256,0,0,A,C
20140304,9:30:54.320,Y,HZO,,13.13,1,14.45,1,R,Y,Y,186292,0,0,A,C
20140304,9:30:54.324,Z,HZO,,13.7,1,14.44,2,R,Z,Z,186308,6,0,,C
20140304,9:30:54.336,N,HZO,,14.04,1,14.45,1,R,N,N,186339,0,0,A,C
20140304,9:30:54.363,Y,HZO,,13.88,1,14.45,1,R,Y,Y,186400,0,0,A,C
20140304,9:30:54.408,Y,HZO,,13.88,2,14.45,1,R,Y,Y,186472,0,0,A,C
20140304,9:30:54.410,W,HZO,,13.89,1,0,0,R,W,W,186473,0,0,,C
20140304,9:30:54.411,W,HZO,,13.89,1,14.73,1,R,W,W,186474,0,0,,C
20140304,9:30:55.140,N,HZO,,14.18,1,14.45,1,R,N,N,187240,6,0,A,C
20140304,9:30:55.142,W,HZO,,0,0,14.73,1,R,W,W,187242,0,0,,C
20140304,9:30:55.143,W,HZO,,13.9,1,14.73,1,R,W,W,187244,0,0,,C
20140304,9:30:56.006,B,HZO,,14.16,1,0,0,R,B,B,188827,0,0,,C
20140304,9:30:56.006,Y,HZO,,13.88,2,14.45,1,R,Y,Y,188828,0,0,A,C
20140304,9:30:56.009,B,HZO,,0,0,0,0,R,B,B,188829,0,0,,C
20140304,9:30:56.061,B,HZO,,14.18,2,0,0,R,B,B,188932,6,0,,C
20140304,9:30:56.061,T,HZO,,13.55,1,14.9,1,R,T,T,188933,0,0,A,C
20140304,9:30:58.035,Z,HZO,,13.7,1,14.75,1,R,Z,Z,190700,6,0,,C
20140304,9:30:58.035,T,HZO,,13.55,1,14.9,1,R,T,T,190702,0,0,,C
20140304,9:30:58.042,Z,HZO,,13.7,1,14.44,2,R,Z,Z,190709,6,0,,C
20140304,9:31:02.106,Z,HZO,,13.7,1,14.75,1,R,Z,Z,196591,6,0,,C
20140304,9:31:02.106,T,HZO,,13.55,1,14.9,1,R,T,T,196592,0,0,A,C
20140304,9:31:02.114,Z,HZO,,13.7,1,14.44,2,R,Z,Z,196597,6,0,,C
20140304,9:31:03.665,P,HZO,,14.17,1,14.43,1,R,P,P,198445,6,0,,C
20140304,9:31:03.665,N,HZO,,14.18,1,14.43,1,R,N,N,198448,0,0,A,C
20140304,9:31:03.666,T,HZO,,13.55,1,14.9,1,R,T,T,198450,0,0,A,C
20140304,9:31:03.675,N,HZO,,14.04,1,14.43,1,R,N,N,198458,0,0,A,C
20140304,9:31:03.821,W,HZO,,13.9,1,0,0,R,W,W,198524,0,0,,C
20140304,9:31:03.821,W,HZO,,13.9,1,14.72,1,R,W,W,198525,0,0,,C
20140304,9:31:04.152,Z,HZO,,13.7,1,14.75,1,R,Z,Z,198668,0,0,,C
20140304,9:31:04.154,Z,HZO,,13.7,1,14.42,2,R,Z,Z,198669,6,0,,C
20140304,9:31:04.155,T,HZO,,13.55,1,14.9,1,R,T,T,198670,0,0,A,C
20140304,9:31:04.310,W,HZO,,13.9,1,0,0,R,W,W,198825,0,0,,C
20140304,9:31:04.312,W,HZO,,13.9,1,14.71,1,R,W,W,198826,0,0,,C
20140304,9:31:05.047,N,HZO,,14.18,1,14.43,1,R,N,N,199502,0,0,A,C
20140304,9:31:05.451,T,HZO,,13.55,1,14.9,1,R,T,T,200683,0,0,A,C
20140304,9:31:05.562,T,HZO,,14.18,1,14.9,1,R,T,T,200939,0,0,A,C
20140304,9:31:06.586,K,HZO,,13.13,1,14.66,1,R,K,K,202061,0,0,,C
20140304,9:31:08.046,Z,HZO,,13.7,1,14.75,1,R,Z,Z,203264,6,0,,C
20140304,9:31:08.047,T,HZO,,14.18,1,14.9,1,R,T,T,203265,0,0,A,C
20140304,9:31:08.069,W,HZO,,13.9,1,0,0,R,W,W,203270,0,0,,C
20140304,9:31:08.070,W,HZO,,13.9,1,14.72,1,R,W,W,203271,0,0,,C
20140304,9:31:09.650,Z,HZO,,13.7,1,14.42,2,R,Z,Z,205462,6,0,,C
20140304,9:31:09.652,P,HZO,,14.18,1,14.43,1,R,P,P,205464,0,0,,C
20140304,9:31:09.652,P,HZO,,14.18,1,14.42,1,R,P,P,205465,0,0,,C
20140304,9:31:09.653,N,HZO,,14.18,1,14.42,1,R,N,N,205466,0,0,A,C
20140304,9:31:09.654,W,HZO,,13.9,1,0,0,R,W,W,205467,0,0,,C
20140304,9:31:09.654,W,HZO,,13.9,1,14.71,1,R,W,W,205468,0,0,,C
20140304,9:31:09.661,N,HZO,,14.04,1,14.42,1,R,N,N,205469,0,0,A,C
20140304,9:31:10.369,T,HZO,,14.18,1,14.9,1,R,T,T,206966,0,0,,C
20140304,9:31:10.369,P,HZO,,14.18,1,14.43,1,R,P,P,206967,0,0,,C
20140304,9:31:10.405,N,HZO,,14.19,1,14.42,1,R,N,N,206998,6,0,A,C
20140304,9:31:10.407,N,HZO,,14.19,1,14.41,1,R,N,N,207003,1,0,A,C
20140304,9:31:10.428,W,HZO,,0,0,14.71,1,R,W,W,207049,0,0,,C
20140304,9:31:10.428,W,HZO,,0,0,0,0,R,W,W,207050,0,0,,C
20140304,9:31:10.428,W,HZO,,13.91,1,0,0,R,W,W,207051,0,0,,C
20140304,9:31:10.428,W,HZO,,13.91,1,14.7,1,R,W,W,207052,0,0,,C
20140304,9:31:10.447,N,HZO,,14.19,1,14.42,1,R,N,N,207093,6,0,A,C
20140304,9:31:10.456,N,HZO,,14.04,1,14.42,1,R,N,N,207101,6,0,A,C
20140304,9:31:10.457,T,HZO,,14.18,1,14.9,1,R,T,T,207106,0,0,A,C
20140304,9:31:10.476,W,HZO,,0,0,14.7,1,R,W,W,207135,0,0,,C
20140304,9:31:10.476,W,HZO,,0,0,0,0,R,W,W,207137,0,0,,C
20140304,9:31:10.476,W,HZO,,13.9,1,0,0,R,W,W,207138,0,0,,C
20140304,9:31:10.476,W,HZO,,13.9,1,14.71,1,R,W,W,207139,0,0,,C
20140304,9:31:11.410,N,HZO,,14.19,1,14.42,1,R,N,N,208205,6,0,A,C
20140304,9:31:11.411,T,HZO,,14.18,1,14.9,1,R,T,T,208206,0,0,,C
20140304,9:31:11.434,W,HZO,,0,0,14.71,1,R,W,W,208253,0,0,,C
20140304,9:31:11.434,W,HZO,,13.91,1,14.71,1,R,W,W,208258,0,0,,C
20140304,9:31:11.945,B,HZO,,0,0,0,0,R,B,B,208932,0,0,,C
20140304,9:31:11.983,J,HZO,,14.19,1,15.33,1,R,J,J,208962,0,0,,C
20140304,9:31:11.983,B,HZO,,14.19,1,0,0,R,B,B,208963,0,0,,C
20140304,9:31:13.007,Z,HZO,,13.7,1,14.75,1,R,Z,Z,209782,6,0,,C
20140304,9:31:15.172,T,HZO,,14.18,1,14.48,1,R,T,T,212543,0,0,,C
20140304,9:31:15.173,Z,HZO,,14.12,1,14.75,1,R,Z,Z,212544,0,0,,C
20140304,9:31:15.173,Z,HZO,,14.12,1,14.48,1,R,Z,Z,212545,0,0,,C
20140304,9:31:18.538,Z,HZO,,14.12,1,14.41,2,R,Z,Z,216927,6,0,,C
20140304,9:31:18.543,W,HZO,,13.91,1,0,0,R,W,W,216929,0,0,,C
20140304,9:31:18.543,W,HZO,,13.91,1,14.7,1,R,W,W,216930,0,0,,C
20140304,9:31:21.591,T,HZO,,14.18,1,14.41,1,R,T,T,220175,0,0,,C
20140304,9:31:21.592,T,HZO,,14.18,1,14.41,1,R,T,T,220176,0,0,A,C
20140304,9:31:21.603,N,HZO,,14.12,1,14.42,1,R,N,N,220188,6,0,A,C
20140304,9:31:22.578,Y,HZO,,13.88,2,14.73,2,R,Y,Y,221315,0,0,A,C
20140304,9:31:22.903,Z,HZO,,14.12,1,14.48,1,R,Z,Z,222265,6,0,,C
20140304,9:31:22.903,N,HZO,,14.19,1,14.42,1,R,N,N,222269,0,0,A,C
20140304,9:31:22.903,Z,HZO,,14.12,1,14.4,2,R,Z,Z,222270,6,0,,C
20140304,9:31:22.904,N,HZO,,14.12,1,14.42,1,R,N,N,222271,0,0,A,C
20140304,9:31:22.904,T,HZO,,14.18,1,14.41,1,R,T,T,222272,0,0,,C
20140304,9:31:22.908,W,HZO,,13.91,1,0,0,R,W,W,222279,0,0,,C
20140304,9:31:22.908,W,HZO,,13.91,1,14.69,1,R,W,W,222280,0,0,,C
20140304,9:31:23.753,N,HZO,,14.19,1,14.42,1,R,N,N,223023,0,0,A,C
20140304,9:31:24.734,K,HZO,,14.14,1,14.66,1,R,K,K,223909,0,0,,C
20140304,9:31:25.875,P,HZO,,14.19,1,14.43,1,R,P,P,225019,0,0,,C
20140304,9:31:25.876,T,HZO,,14.18,1,14.41,1,R,T,T,225024,0,0,A,C
20140304,9:31:26.024,Z,HZO,,14.12,1,14.48,1,R,Z,Z,225085,6,0,,C
20140304,9:31:26.024,T,HZO,,14.18,1,14.41,1,R,T,T,225086,0,0,,C
20140304,9:31:26.044,Z,HZO,,14.12,1,14.4,2,R,Z,Z,225100,6,0,,C
20140304,9:31:30.021,Z,HZO,,14.12,1,14.48,1,R,Z,Z,228726,6,0,,C
20140304,9:31:30.022,T,HZO,,14.18,1,14.41,1,R,T,T,228737,0,0,A,C
20140304,9:31:30.067,W,HZO,,13.91,1,0,0,R,W,W,229200,0,0,,C
20140304,9:31:30.067,W,HZO,,13.91,1,14.7,1,R,W,W,229201,0,0,,C
20140304,9:31:30.068,Z,HZO,,14.12,1,14.4,2,R,Z,Z,229203,6,0,,C
20140304,9:31:30.069,T,HZO,,14.18,1,14.41,1,R,T,T,229206,0,0,,C
20140304,9:31:30.268,W,HZO,,13.91,1,0,0,R,W,W,229546,0,0,,C
20140304,9:31:30.268,W,HZO,,13.91,1,14.69,1,R,W,W,229547,0,0,,C
20140304,9:31:30.350,Y,HZO,,13.88,2,14.73,2,R,Y,Y,229647,0,0,A,C
20140304,9:31:30.350,N,HZO,,14.19,1,14.42,1,R,N,N,229648,0,0,A,C
20140304,9:31:32.229,N,HZO,,14.19,1,14.4,1,R,N,N,231992,0,0,A,C
20140304,9:31:34.022,Z,HZO,,14.12,1,14.48,1,R,Z,Z,234037,6,0,,C
20140304,9:31:34.039,Z,HZO,,14.12,1,14.39,2,R,Z,Z,234072,6,0,,C
20140304,9:31:34.113,W,HZO,,13.91,1,0,0,R,W,W,234088,0,0,,C
20140304,9:31:34.113,W,HZO,,13.91,1,14.68,1,R,W,W,234089,0,0,,C
20140304,9:31:34.193,P,HZO,,14.19,1,14.35,1,R,P,P,234171,6,0,,C
20140304,9:31:34.198,N,HZO,,14.12,1,14.4,1,R,N,N,234173,0,0,A,C
20140304,9:31:34.202,W,HZO,,13.91,1,0,0,R,W,W,234181,0,0,,C
20140304,9:31:34.202,W,HZO,,13.91,1,14.64,1,R,W,W,234182,0,0,,C
20140304,9:31:36.032,Z,HZO,,14.12,1,14.44,1,R,Z,Z,235840,0,0,,C
20140304,9:31:37.604,B,HZO,,14.2,1,0,0,R,B,B,237911,6,0,,C
20140304,9:31:37.613,N,HZO,,14.2,1,14.4,1,R,N,N,237966,0,0,A,C
20140304,9:31:37.616,W,HZO,,0,0,14.64,1,R,W,W,237972,0,0,,C
20140304,9:31:37.616,W,HZO,,13.92,1,14.64,1,R,W,W,237974,0,0,,C
20140304,9:31:37.638,N,HZO,,14.2,1,14.42,1,R,N,N,237981,0,0,A,C
20140304,9:31:37.708,T,HZO,,14.12,1,14.41,1,R,T,T,238040,0,0,,C
20140304,9:31:37.765,T,HZO,,14.16,1,14.41,1,R,T,T,238216,0,0,,C
20140304,9:31:37.765,Z,HZO,,14.16,1,14.44,1,R,Z,Z,238217,0,0,,C
20140304,9:31:39.253,N,HZO,,14.21,1,14.42,1,R,N,N,239569,6,0,A,C
20140304,9:31:39.299,W,HZO,,0,0,14.64,1,R,W,W,239578,0,0,,C
20140304,9:31:39.300,W,HZO,,13.93,1,14.64,1,R,W,W,239579,0,0,,C
20140304,9:31:39.764,K,HZO,,14.16,1,14.66,1,R,K,K,239841,0,0,,C
20140304,9:31:39.956,J,HZO,,13.13,1,15.33,1,R,J,J,239945,0,0,,C
20140304,9:31:40.006,B,HZO,,14.21,1,0,0,R,B,B,239967,0,0,,C
20140304,9:31:41.879,P,HZO,,14.21,1,14.35,1,R,P,P,241980,0,0,,C
20140304,9:31:44.776,N,HZO,,14.21,1,14.34,1,R,N,N,244919,6,0,A,C
20140304,9:31:44.779,W,HZO,,13.93,1,0,0,R,W,W,244927,0,0,,C
20140304,9:31:44.779,W,HZO,,13.93,1,14.63,1,R,W,W,244928,0,0,,C
20140304,9:31:44.928,T,HZO,,14.16,1,14.4,1,R,T,T,245024,0,0,,C
20140304,9:31:44.928,Z,HZO,,14.16,1,14.4,1,R,Z,Z,245025,0,0,,C
20140304,9:31:50.609,N,HZO,,14.16,1,14.34,1,R,N,N,251835,0,0,A,C
20140304,9:31:53.603,T,HZO,,14.21,1,14.4,1,R,T,T,254581,0,0,,C
20140304,9:31:54.579,Y,HZO,,13.88,2,14.73,2,R,Y,Y,255084,0,0,,C
20140304,9:31:54.579,N,HZO,,14.16,1,14.34,1,R,N,N,255085,0,0,,C
20140304,9:32:00.626,N,HZO,,14.16,1,14.33,1,R,N,N,261805,6,0,,C
20140304,9:32:00.643,N,HZO,,14.16,1,14.32,1,R,N,N,261808,6,0,,C
20140304,9:32:00.647,W,HZO,,13.93,1,0,0,R,W,W,261809,0,0,,C
20140304,9:32:00.647,W,HZO,,13.93,1,14.61,1,R,W,W,261810,0,0,,C
20140304,9:32:05.560,P,HZO,,14.21,1,14.75,1,R,P,P,269064,0,0,,C
20140304,9:32:05.561,N,HZO,,14.16,1,14.32,1,R,N,N,269065,0,0,A,C
20140304,9:32:10.035,Y,HZO,,13.88,2,14.73,2,R,Y,Y,276001,0,0,A,C
20140304,9:32:11.517,W,HZO,,14.07,1,14.61,1,R,W,W,278600,0,0,,C
20140304,9:32:14.699,T,HZO,,14.22,1,14.4,1,R,T,T,283259,6,0,,C
20140304,9:32:14.699,N,HZO,,14.16,1,14.33,1,R,N,N,283261,6,0,A,C
20140304,9:32:14.699,T,HZO,,14.22,1,14.41,1,R,T,T,283262,0,0,,C
20140304,9:32:14.699,Z,HZO,,14.16,1,14.48,1,R,Z,Z,283263,0,0,,C
20140304,9:32:14.700,N,HZO,,14.16,1,14.42,1,R,N,N,283266,6,0,A,C
20140304,9:32:14.700,N,HZO,,14.21,1,14.42,1,R,N,N,283267,0,0,A,C
20140304,9:32:14.700,T,HZO,,14.23,1,14.41,1,R,T,T,283268,1,0,,C
20140304,9:32:14.701,P,HZO,,14.22,1,14.75,1,R,P,P,283269,0,0,,C
20140304,9:32:14.701,Z,HZO,,14.16,1,14.4,2,R,Z,Z,283270,6,0,,C
20140304,9:32:14.702,N,HZO,,14.22,1,14.42,1,R,N,N,283271,0,0,A,C
20140304,9:32:14.721,P,HZO,,14.23,1,14.75,1,R,P,P,283297,0,0,,C
20140304,9:32:14.722,W,HZO,,14.07,1,14.77,1,R,W,W,283299,0,0,,C
20140304,9:32:14.722,W,HZO,,14.07,1,14.69,1,R,W,W,283300,0,0,,C
20140304,9:32:14.724,N,HZO,,14.23,1,14.42,1,R,N,N,283304,0,0,A,C
20140304,9:32:14.744,T,HZO,,14.23,2,14.41,1,R,T,T,283312,6,0,,C
20140304,9:32:14.749,N,HZO,,14.24,1,14.42,1,R,N,N,283315,6,0,A,C
20140304,9:32:14.799,T,HZO,,14.23,1,14.41,1,R,T,T,283352,0,0,,C
20140304,9:32:14.828,N,HZO,,14.24,1,14.4,1,R,N,N,283389,0,0,A,C
20140304,9:32:16.062,Y,HZO,,13.88,2,14.73,2,R,Y,Y,285613,0,0,A,C
20140304,9:32:16.062,N,HZO,,14.24,1,14.4,1,R,N,N,285614,0,0,A,C
20140304,9:32:16.064,P,HZO,,13.84,1,14.75,1,R,P,P,285617,0,0,,C
20140304,9:32:16.065,T,HZO,,14.23,1,14.41,1,R,T,T,285620,0,0,A,C
20140304,9:32:16.102,N,HZO,,14.24,1,14.42,1,R,N,N,285686,0,0,A,C
20140304,9:32:16.987,B,HZO,,0,0,0,0,R,B,B,288201,0,0,,C
20140304,9:32:17.025,B,HZO,,14.24,1,0,0,R,B,B,288342,0,0,,C
20140304,9:32:17.177,Z,HZO,,14.2,1,14.4,2,R,Z,Z,289018,0,0,,C
20140304,9:32:18.052,N,HZO,,14.25,1,14.42,1,R,N,N,290453,6,0,A,C
20140304,9:32:18.057,Z,HZO,,14.2,1,14.48,1,R,Z,Z,290471,6,0,,C
20140304,9:32:18.057,T,HZO,,14.23,1,14.41,1,R,T,T,290473,0,0,,C
20140304,9:32:18.059,T,HZO,,14.23,1,14.9,1,R,T,T,290481,6,0,,C
20140304,9:32:18.059,Z,HZO,,14.2,1,14.4,2,R,Z,Z,290482,6,0,,C
20140304,9:32:18.059,P,HZO,,13.84,1,14.9,1,R,P,P,290483,0,0,,C
20140304,9:32:18.210,T,HZO,,14.23,1,14.44,1,R,T,T,291174,0,0,,C
20140304,9:32:18.210,P,HZO,,13.84,1,14.73,1,R,P,P,291176,0,0,,C
20140304,9:32:19.675,B,HZO,,0,0,0,0,R,B,B,293323,0,0,,C
20140304,9:32:19.680,N,HZO,,14.24,1,14.42,1,R,N,N,293329,6,0,A,C
20140304,9:32:19.681,Z,HZO,,14.16,1,14.4,2,R,Z,Z,293331,0,0,,C
20140304,9:32:19.690,N,HZO,,14.22,1,14.42,1,R,N,N,293350,6,0,A,C
20140304,9:32:19.702,N,HZO,,14.23,1,14.42,1,R,N,N,293381,0,0,A,C
20140304,9:32:19.724,Z,HZO,,14.25,1,14.4,2,R,Z,Z,293418,1,0,,C
20140304,9:32:19.783,N,HZO,,14.22,1,14.42,1,R,N,N,293506,0,0,A,C
20140304,9:32:19.783,N,HZO,,14.25,1,14.42,1,R,N,N,293507,0,0,A,C
20140304,9:32:22.007,Z,HZO,,14.25,1,14.52,1,R,Z,Z,298365,6,0,,C
20140304,9:32:22.008,T,HZO,,14.23,1,14.9,1,R,T,T,298381,0,0,,C
20140304,9:32:22.008,P,HZO,,13.84,1,14.9,1,R,P,P,298382,0,0,,C
20140304,9:32:22.008,Z,HZO,,14.25,1,14.41,2,R,Z,Z,298385,6,0,,C
20140304,9:32:22.010,N,HZO,,14.25,1,14.5,10,R,N,N,298402,6,0,A,C
20140304,9:32:22.011,P,HZO,,13.84,1,14.5,1,R,P,P,298421,0,0,,C
20140304,9:32:22.023,N,HZO,,14.25,1,14.49,1,R,N,N,298542,0,0,A,C
20140304,9:32:22.050,W,HZO,,14.07,1,14.77,1,R,W,W,298681,0,0,,C
20140304,9:32:22.050,W,HZO,,14.07,1,14.7,1,R,W,W,298683,0,0,,C
20140304,9:32:22.159,T,HZO,,14.23,1,14.48,1,R,T,T,299229,0,0,,C
20140304,9:32:22.160,N,HZO,,14.25,1,14.48,1,R,N,N,299233,0,0,A,C
20140304,9:32:22.172,N,HZO,,14.25,1,14.47,1,R,N,N,299319,0,0,A,C
20140304,9:32:22.173,P,HZO,,13.84,1,14.47,1,R,P,P,299324,0,0,,C
20140304,9:32:23.026,T,HZO,,14.23,1,14.48,1,R,T,T,300634,0,0,A,C
20140304,9:32:23.858,K,HZO,,14.2,1,14.66,1,R,K,K,303894,0,0,,C
20140304,9:32:26.913,Z,HZO,,14.25,1,14.52,1,R,Z,Z,309904,6,0,,C
20140304,9:32:26.914,T,HZO,,14.23,1,14.49,1,R,T,T,309905,0,0,A,C
20140304,9:32:26.914,T,HZO,,14.23,1,14.49,1,R,T,T,309906,0,0,,C
20140304,9:32:26.914,T,HZO,,14.23,1,14.5,1,R,T,T,309907,0,0,,C
20140304,9:32:26.914,T,HZO,,14.23,1,14.52,1,R,T,T,309908,0,0,,C
20140304,9:32:26.914,T,HZO,,14.23,1,14.56,1,R,T,T,309909,0,0,,C
20140304,9:32:26.914,Z,HZO,,14.25,1,14.46,2,R,Z,Z,309910,6,0,,C
20140304,9:32:26.918,W,HZO,,14.06,1,14.7,1,R,W,W,309911,0,0,,C
20140304,9:32:26.919,W,HZO,,14.06,1,14.78,1,R,W,W,309912,0,0,,C
20140304,9:32:26.919,W,HZO,,14.06,1,14.75,1,R,W,W,309913,0,0,,C
20140304,9:32:26.952,T,HZO,,14.23,1,14.88,1,R,T,T,309921,0,0,,C
20140304,9:32:27.065,T,HZO,,14.23,1,14.52,1,R,T,T,310249,0,0,,C
20140304,9:32:27.366,T,HZO,,14.23,1,14.3,1,R,T,T,311424,6,0,,C
20140304,9:32:27.366,T,HZO,,14.23,1,14.52,1,R,T,T,311425,6,0,,C
20140304,9:32:27.367,Y,HZO,,13.88,2,14.73,2,R,Y,Y,311426,0,0,A,C
20140304,9:32:27.367,Y,HZO,,13.88,2,14.73,2,R,Y,Y,311427,0,0,,C
20140304,9:32:27.367,N,HZO,,14.25,1,14.47,1,R,N,N,311428,6,0,A,C
20140304,9:32:27.367,N,HZO,,14.25,1,14.47,1,R,N,N,311430,0,0,,C
20140304,9:32:27.368,Y,HZO,,13.88,2,14.73,2,R,Y,Y,311431,0,0,A,C
20140304,9:32:27.368,N,HZO,,14.25,1,14.47,1,R,N,N,311432,0,0,A,C
20140304,9:32:30.012,Z,HZO,,14.25,1,14.52,1,R,Z,Z,316384,6,0,,C
20140304,9:32:30.018,Z,HZO,,14.25,1,14.46,2,R,Z,Z,316465,6,0,,C
20140304,9:32:30.201,P,HZO,,14.25,1,14.47,1,R,P,P,317117,0,0,,C
20140304,9:32:30.207,N,HZO,,14.25,1,14.5,10,R,N,N,317118,6,0,A,C
20140304,9:32:30.208,P,HZO,,14.25,1,14.49,1,R,P,P,317120,0,0,,C
20140304,9:32:30.209,P,HZO,,14.25,1,14.52,1,R,P,P,317122,0,0,,C
20140304,9:32:30.217,N,HZO,,14.25,1,14.49,1,R,N,N,317130,0,0,A,C
20140304,9:32:30.501,P,HZO,,14.25,1,14.49,1,R,P,P,317280,0,0,,C
20140304,9:32:33.649,K,HZO,,14.25,1,14.66,1,R,K,K,319976,0,0,,C
20140304,9:32:33.649,Y,HZO,,13.88,2,14.73,2,R,Y,Y,319977,0,0,A,C
20140304,9:32:33.649,N,HZO,,14.25,1,14.49,1,R,N,N,319978,0,0,A,C
20140304,9:32:33.649,T,HZO,,14.23,1,14.52,1,R,T,T,319979,0,0,A,C
20140304,9:32:34.054,Z,HZO,,14.25,1,14.56,1,R,Z,Z,320281,6,0,,C
20140304,9:32:34.055,T,HZO,,14.23,1,14.52,1,R,T,T,320283,0,0,,C
20140304,9:32:34.055,T,HZO,,14.23,1,14.88,1,R,T,T,320284,0,0,,C
20140304,9:32:34.055,N,HZO,,14.26,1,14.49,1,R,N,N,320285,6,0,A,C
20140304,9:32:34.056,T,HZO,,14.2,1,14.88,1,R,T,T,320288,0,0,,C
20140304,9:32:34.057,J,HZO,,13.13,1,15.51,1,R,J,J,320290,0,0,,C
20140304,9:32:34.060,W,HZO,,14.05,1,14.75,1,R,W,W,320303,0,0,,C
20140304,9:32:34.061,T,HZO,,14.26,1,14.88,1,R,T,T,320308,0,0,,C
20140304,9:32:34.067,N,HZO,,14.26,1,14.5,10,R,N,N,320332,6,0,A,C
20140304,9:32:34.068,P,HZO,,14.25,1,14.51,1,R,P,P,320337,6,0,,C
20140304,9:32:34.086,Z,HZO,,14.25,1,14.49,2,R,Z,Z,320370,6,0,,C
20140304,9:32:34.090,W,HZO,,14.05,1,14.79,1,R,W,W,320373,0,0,,C
20140304,9:32:34.090,W,HZO,,14.05,1,14.79,2,R,W,W,320374,0,0,,C
20140304,9:32:34.111,Y,HZO,,13.88,2,14.73,2,R,Y,Y,320383,0,0,A,C
20140304,9:32:34.112,N,HZO,,14.26,1,14.5,10,R,N,N,320385,0,0,A,C
20140304,9:32:34.122,T,HZO,,14.26,1,14.48,14,R,T,T,320411,6,0,,C
20140304,9:32:34.122,T,HZO,,14.26,1,14.48,15,R,T,T,320412,6,0,,C
20140304,9:32:34.123,P,HZO,,14.25,1,14.48,1,R,P,P,320413,0,0,,C
20140304,9:32:34.123,T,HZO,,14.2,1,14.48,15,R,T,T,320414,0,0,,C
20140304,9:32:34.143,N,HZO,,14.22,1,14.5,10,R,N,N,320433,6,0,A,C
20140304,9:32:34.219,W,HZO,,14.05,1,14.79,1,R,W,W,320499,0,0,,C
20140304,9:32:34.220,W,HZO,,14.05,1,14.77,1,R,W,W,320500,0,0,,C
20140304,9:32:36.153,N,HZO,,14.22,1,14.47,1,R,N,N,323314,6,0,A,C
20140304,9:32:36.155,Z,HZO,,14.25,1,14.52,1,R,Z,Z,323315,0,0,,C
20140304,9:32:36.155,Z,HZO,,14.25,1,14.46,2,R,Z,Z,323316,6,0,,C
20140304,9:32:36.158,W,HZO,,14.04,1,14.77,1,R,W,W,323319,0,0,,C
20140304,9:32:36.232,W,HZO,,14.04,1,14.8,1,R,W,W,323433,0,0,,C
20140304,9:32:36.233,W,HZO,,14.04,1,14.75,1,R,W,W,323441,0,0,,C
20140304,9:32:36.244,T,HZO,,14.2,1,14.48,1,R,T,T,323444,0,0,,C
20140304,9:32:36.244,T,HZO,,14.2,1,14.49,1,R,T,T,323445,0,0,,C
20140304,9:32:36.244,T,HZO,,14.2,1,14.51,1,R,T,T,323446,0,0,,C
20140304,9:32:36.244,T,HZO,,14.2,1,14.55,1,R,T,T,323447,0,0,,C
20140304,9:32:36.255,W,HZO,,14.05,1,14.75,1,R,W,W,323451,0,0,,C
20140304,9:32:36.305,T,HZO,,14.2,1,14.52,1,R,T,T,323619,0,0,,C
20140304,9:32:37.153,P,HZO,,14.25,2,14.48,1,R,P,P,324746,6,0,,C
20140304,9:32:37.153,P,HZO,,14.25,2,14.46,1,R,P,P,324747,0,0,,C
20140304,9:32:37.154,P,HZO,,14.25,2,14.46,2,R,P,P,324754,0,0,,C
20140304,9:32:37.154,N,HZO,,14.22,1,14.46,1,R,N,N,324756,0,0,A,C
20140304,9:32:37.155,N,HZO,,14.25,1,14.46,1,R,N,N,324760,0,0,A,C
20140304,9:32:37.160,N,HZO,,14.25,1,14.45,1,R,N,N,324766,6,0,A,C
20140304,9:32:37.180,W,HZO,,14.05,1,14.82,1,R,W,W,324772,0,0,,C
20140304,9:32:37.180,W,HZO,,14.05,1,14.74,1,R,W,W,324773,0,0,,C
20140304,9:32:37.306,Y,HZO,,13.88,2,14.73,2,R,Y,Y,324883,0,0,,C
20140304,9:32:37.306,N,HZO,,14.25,1,14.45,1,R,N,N,324884,0,0,,C
20140304,9:32:38.044,Z,HZO,,14.25,1,14.52,1,R,Z,Z,325978,0,0,,C
20140304,9:32:38.057,Z,HZO,,14.25,1,14.44,2,R,Z,Z,325994,6,0,,C
20140304,9:32:38.059,P,HZO,,14.25,1,14.46,1,R,P,P,325997,6,0,,C
20140304,9:32:38.108,W,HZO,,14.05,1,14.82,1,R,W,W,326017,0,0,,C
20140304,9:32:38.108,W,HZO,,14.05,1,14.73,1,R,W,W,326018,0,0,,C
20140304,9:32:38.208,T,HZO,,14.2,1,14.48,1,R,T,T,326089,0,0,,C
20140304,9:32:39.800,Z,HZO,,14.25,1,14.52,1,R,Z,Z,328206,6,0,,C
20140304,9:32:39.801,T,HZO,,14.26,1,14.48,1,R,T,T,328207,6,0,,C
20140304,9:32:39.801,T,HZO,,14.26,1,14.52,1,R,T,T,328209,0,0,,C
20140304,9:32:39.801,N,HZO,,14.26,1,14.45,1,R,N,N,328212,0,0,,C
20140304,9:32:39.801,P,HZO,,14.25,2,14.46,1,R,P,P,328213,0,0,,C
20140304,9:32:39.803,W,HZO,,14.04,1,14.73,1,R,W,W,328214,0,0,,C
20140304,9:32:39.812,N,HZO,,14.27,1,14.45,1,R,N,N,328223,1,0,,C
20140304,9:32:39.829,N,HZO,,14.27,1,14.5,10,R,N,N,328230,6,0,,C
20140304,9:32:39.829,P,HZO,,14.25,2,14.48,1,R,P,P,328232,6,0,,C
20140304,9:32:39.830,P,HZO,,14.25,2,14.51,1,R,P,P,328234,6,0,,C
20140304,9:32:39.831,T,HZO,,14.26,1,14.56,1,R,T,T,328235,0,0,,C
20140304,9:32:39.831,Z,HZO,,14.25,1,14.56,1,R,Z,Z,328236,0,0,,C
20140304,9:32:39.838,N,HZO,,14.27,1,14.49,1,R,N,N,328242,1,0,,C
20140304,9:32:39.869,N,HZO,,14.28,1,14.49,1,R,N,N,328264,1,0,,C
20140304,9:32:39.870,W,HZO,,14.04,1,14.83,1,R,W,W,328266,0,0,,C
20140304,9:32:39.870,W,HZO,,14.04,1,14.78,1,R,W,W,328267,0,0,,C
20140304,9:32:39.871,J,HZO,,13.28,1,15.51,1,R,J,J,328269,0,0,,C
20140304,9:32:39.881,N,HZO,,14.29,1,14.49,1,R,N,N,328280,1,0,,C
20140304,9:32:39.900,T,HZO,,14.2,1,14.56,1,R,T,T,328317,0,0,,C
20140304,9:32:39.908,N,HZO,,14.29,1,14.5,10,R,N,N,328325,1,0,,C
20140304,9:32:39.921,W,HZO,,14.04,1,14.83,1,R,W,W,328330,0,0,,C
20140304,9:32:39.921,W,HZO,,14.04,1,14.79,1,R,W,W,328331,0,0,,C
20140304,9:32:40.033,T,HZO,,14.24,1,14.56,1,R,T,T,328389,0,0,,C
20140304,9:32:40.033,Y,HZO,,13.88,2,14.73,2,R,Y,Y,328390,0,0,A,C
20140304,9:32:40.033,N,HZO,,14.29,1,14.5,10,R,N,N,328392,0,0,A,C
20140304,9:32:41.128,N,HZO,,14.29,1,14.49,1,R,N,N,329166,1,0,A,C
20140304,9:32:41.135,W,HZO,,14.04,1,14.83,1,R,W,W,329169,0,0,,C
20140304,9:32:41.136,W,HZO,,14.04,1,14.78,1,R,W,W,329170,0,0,,C
20140304,9:32:41.163,N,HZO,,14.29,1,14.5,10,R,N,N,329217,1,0,A,C
20140304,9:32:41.163,N,HZO,,14.28,1,14.5,10,R,N,N,329218,1,0,A,C
20140304,9:32:41.163,T,HZO,,14.3,1,14.56,1,R,T,T,329219,6,0,,C
20140304,9:32:41.164,N,HZO,,14.28,2,14.5,10,R,N,N,329220,0,0,A,C
20140304,9:32:41.166,N,HZO,,14.28,1,14.5,10,R,N,N,329290,0,0,A,C
20140304,9:32:41.178,W,HZO,,14.04,1,14.83,1,R,W,W,329314,0,0,,C
20140304,9:32:41.179,W,HZO,,14.04,1,14.79,1,R,W,W,329321,0,0,,C
20140304,9:32:41.183,N,HZO,,14.29,1,14.5,10,R,N,N,329324,0,0,A,C
20140304,9:32:41.197,N,HZO,,14.29,1,14.49,1,R,N,N,329342,6,0,A,C
20140304,9:32:41.198,J,HZO,,13.28,1,14.48,1,R,J,J,329344,6,0,,C
20140304,9:32:41.199,T,HZO,,14.2,1,14.56,1,R,T,T,329345,6,0,,C
20140304,9:32:41.207,N,HZO,,14.28,1,14.49,1,R,N,N,329351,6,0,A,C
20140304,9:32:41.238,W,HZO,,14.04,1,14.83,1,R,W,W,329389,0,0,,C
20140304,9:32:41.238,W,HZO,,14.04,1,14.77,1,R,W,W,329390,0,0,,C
20140304,9:32:41.426,Z,HZO,,14.2,1,14.56,1,R,Z,Z,329606,0,0,,C
20140304,9:32:41.472,B,HZO,,14.28,1,0,0,R,B,B,329668,0,0,,C
20140304,9:32:41.477,N,HZO,,14.29,1,14.49,1,R,N,N,329673,6,0,A,C
20140304,9:32:41.623,T,HZO,,14.24,1,14.56,1,R,T,T,329768,0,0,,C
20140304,9:32:41.623,Z,HZO,,14.24,1,14.56,1,R,Z,Z,329769,0,0,,C
20140304,9:32:43.501,P,HZO,,14.25,2,14.49,1,R,P,P,331951,0,0,,C
20140304,9:32:43.877,B,HZO,,0,0,0,0,R,B,B,332414,0,0,,C
20140304,9:32:43.892,N,HZO,,14.28,1,14.49,1,R,N,N,332425,6,0,A,C
20140304,9:32:43.893,T,HZO,,14.2,1,14.56,1,R,T,T,332426,0,0,,C
20140304,9:32:43.893,Z,HZO,,14.2,1,14.56,1,R,Z,Z,332427,0,0,,C
20140304,9:32:43.931,Y,HZO,,14.29,1,14.73,2,R,Y,Y,332520,6,0,A,C
20140304,9:32:43.938,N,HZO,,14.29,1,14.49,1,R,N,N,332525,0,0,A,C
20140304,9:32:44.083,T,HZO,,14.24,1,14.56,1,R,T,T,332643,0,0,,C
20140304,9:32:44.083,Z,HZO,,14.24,1,14.56,1,R,Z,Z,332644,0,0,,C
20140304,9:32:44.126,Y,HZO,,14.29,1,14.73,2,R,Y,Y,332680,6,0,A,C
20140304,9:32:44.126,T,HZO,,14.24,1,14.56,1,R,T,T,332681,0,0,A,C
20140304,9:32:44.126,N,HZO,,14.29,1,14.49,1,R,N,N,332682,6,0,A,C
20140304,9:32:44.130,W,HZO,,14.03,1,14.77,1,R,W,W,332687,0,0,,C
20140304,9:32:49.647,T,HZO,,14.29,1,14.56,1,R,T,T,338149,0,0,A,C
20140304,9:32:49.780,K,HZO,,14.2,1,14.66,1,R,K,K,338255,0,0,,C
20140304,9:32:49.915,K,HZO,,14.24,1,14.66,1,R,K,K,338328,0,0,,C
20140304,9:32:49.932,N,HZO,,14.3,1,14.49,1,R,N,N,338342,6,0,A,C
20140304,9:32:49.948,N,HZO,,14.28,1,14.49,1,R,N,N,338343,6,0,A,C
20140304,9:32:49.962,N,HZO,,14.29,1,14.49,1,R,N,N,338538,0,0,A,C
20140304,9:32:52.208,N,HZO,,14.3,1,14.49,1,R,N,N,340752,6,0,A,C
20140304,9:32:54.018,Y,HZO,,13.88,2,14.73,2,R,Y,Y,341905,0,0,A,C
20140304,9:32:54.057,B,HZO,,14.3,1,0,0,R,B,B,341943,0,0,,C
20140304,9:32:55.182,P,HZO,,14.3,1,14.49,1,R,P,P,344930,0,0,,C
20140304,9:32:59.074,Y,HZO,,13.88,2,14.73,2,R,Y,Y,348433,0,0,A,C
20140304,9:32:59.074,T,HZO,,14.29,1,14.56,1,R,T,T,348437,0,0,,C
20140304,9:32:59.074,N,HZO,,14.3,1,14.49,1,R,N,N,348441,6,0,A,C
20140304,9:32:59.098,N,HZO,,14.3,1,14.5,10,R,N,N,348456,0,0,A,C
20140304,9:32:59.099,P,HZO,,14.3,1,14.51,1,R,P,P,348457,0,0,,C
20140304,9:33:02.234,P,HZO,,14.3,1,14.5,1,R,P,P,353875,0,0,,C
20140304,9:33:02.239,P,HZO,,14.3,2,14.5,1,R,P,P,353888,6,0,,C
20140304,9:33:02.252,N,HZO,,14.3,1,14.49,1,R,N,N,353925,0,0,A,C
20140304,9:33:02.276,N,HZO,,14.31,1,14.49,1,R,N,N,353996,6,0,A,C
20140304,9:33:02.279,P,HZO,,14.31,1,14.5,1,R,P,P,354027,0,0,,C
20140304,9:33:02.294,N,HZO,,14.31,1,14.5,10,R,N,N,354050,6,0,A,C
20140304,9:33:03.592,N,HZO,,14.31,1,14.47,1,R,N,N,355464,6,0,A,C
20140304,9:33:03.593,P,HZO,,14.31,1,14.47,1,R,P,P,355465,6,0,,C
20140304,9:33:03.593,J,HZO,,13.28,1,15.51,1,R,J,J,355466,0,0,,C
20140304,9:33:03.593,K,HZO,,14.24,1,14.46,1,R,K,K,355467,6,0,,C
20140304,9:33:03.745,T,HZO,,14.29,1,14.52,1,R,T,T,355867,0,0,,C
20140304,9:33:03.745,Z,HZO,,14.24,1,14.52,1,R,Z,Z,355870,0,0,,C
20140304,9:33:04.369,B,HZO,,0,0,0,0,R,B,B,357007,0,0,,C
20140304,9:33:04.407,B,HZO,,14.31,1,0,0,R,B,B,357065,0,0,,C
20140304,9:33:04.431,N,HZO,,14.32,1,14.47,1,R,N,N,357139,6,0,A,C
20140304,9:33:04.433,Y,HZO,,13.88,1,14.73,2,R,Y,Y,357141,0,0,A,C
20140304,9:33:04.433,Y,HZO,,13.28,1,14.73,2,R,Y,Y,357142,0,0,A,C
20140304,9:33:04.433,Y,HZO,,13.28,1,15.51,1,R,Y,Y,357143,0,0,A,C
20140304,9:33:04.480,Y,HZO,,14.03,1,15.51,1,R,Y,Y,357270,0,0,A,C
20140304,9:33:04.480,Y,HZO,,14.03,1,14.75,1,R,Y,Y,357271,0,0,A,C
20140304,9:33:04.529,Y,HZO,,14.03,2,14.75,1,R,Y,Y,357318,0,0,A,C
20140304,9:33:04.529,Y,HZO,,14.03,2,14.75,2,R,Y,Y,357320,0,0,A,C
20140304,9:33:04.945,K,HZO,,14.27,1,14.46,1,R,K,K,358071,0,0,,C
20140304,9:33:05.645,B,HZO,,14.32,1,0,0,R,B,B,359361,0,0,,C
20140304,9:33:05.795,W,HZO,,14.03,1,14.84,1,R,W,W,359770,0,0,,C
20140304,9:33:05.796,Z,HZO,,14.28,1,14.52,1,R,Z,Z,359771,0,0,,C
20140304,9:33:06.204,B,HZO,,14.32,2,0,0,R,B,B,360186,6,0,,C
20140304,9:33:06.651,T,HZO,,14.28,1,14.52,1,R,T,T,360727,0,0,,C
20140304,9:33:08.035,K,HZO,,14.27,1,14.66,1,R,K,K,362319,6,0,,C
20140304,9:33:08.040,W,HZO,,14.04,1,14.83,1,R,W,W,362321,0,0,,C
20140304,9:33:09.039,K,HZO,,14.27,1,14.46,1,R,K,K,363921,6,0,,C
20140304,9:33:09.042,K,HZO,,14.27,1,14.66,1,R,K,K,363923,6,0,,C
20140304,9:33:09.042,N,HZO,,14.33,1,14.47,1,R,N,N,363924,6,0,A,C
20140304,9:33:09.314,K,HZO,,14.28,1,14.66,1,R,K,K,364639,0,0,,C
20140304,9:33:10.999,B,HZO,,14.32,1,0,0,R,B,B,367036,0,0,,C
20140304,9:33:11.074,B,HZO,,14.33,1,0,0,R,B,B,367184,0,0,,C
20140304,9:33:11.084,N,HZO,,14.34,1,14.47,1,R,N,N,367196,6,0,A,C
20140304,9:33:11.248,P,HZO,,14.34,1,14.47,1,R,P,P,367377,6,0,,C
20140304,9:33:13.280,B,HZO,,14.32,1,0,0,R,B,B,369654,0,0,,C
20140304,9:33:13.316,B,HZO,,14.34,1,0,0,R,B,B,369709,0,0,,C
20140304,9:33:19.976,K,HZO,,14.29,1,14.66,1,R,K,K,375348,0,0,,C
20140304,9:33:21.683,B,HZO,,14.36,1,0,0,R,B,B,376770,6,0,,C
20140304,9:33:21.686,N,HZO,,14.34,1,14.47,1,R,N,N,376771,6,0,,C
20140304,9:33:21.687,P,HZO,,14.36,1,14.47,1,R,P,P,376773,6,0,,C
20140304,9:33:21.838,T,HZO,,14.32,1,14.52,1,R,T,T,376887,0,0,,C
20140304,9:33:21.838,Z,HZO,,14.32,1,14.52,1,R,Z,Z,376888,0,0,,C
20140304,9:33:23.997,N,HZO,,14.34,1,14.47,1,R,N,N,378384,6,0,A,C
20140304,9:33:24.035,B,HZO,,14.36,2,0,0,R,B,B,378422,6,0,,C
20140304,9:33:25.773,P,HZO,,14.36,1,14.48,1,R,P,P,379104,6,0,,C
20140304,9:33:25.774,N,HZO,,14.36,1,14.47,1,R,N,N,379105,0,0,A,C
20140304,9:33:25.822,P,HZO,,14.36,1,14.49,1,R,P,P,379137,0,0,,C
20140304,9:33:27.306,P,HZO,,14.38,1,14.49,1,R,P,P,380166,6,0,,C
20140304,9:33:27.307,N,HZO,,14.38,1,14.47,1,R,N,N,380167,0,0,,C
20140304,9:33:27.310,P,HZO,,14.38,2,14.49,1,R,P,P,380168,6,0,,C
20140304,9:33:27.310,W,HZO,,14.07,1,14.8,1,R,W,W,380169,0,0,,C
20140304,9:33:28.294,P,HZO,,14.38,1,14.49,1,R,P,P,381606,6,0,,C
20140304,9:33:28.296,N,HZO,,14.38,1,14.47,1,R,N,N,381608,6,0,A,C
20140304,9:33:29.147,B,HZO,,14.36,1,0,0,R,B,B,382345,0,0,,C
20140304,9:33:29.148,P,HZO,,14.38,1,14.47,1,R,P,P,382346,6,0,,C
20140304,9:33:29.189,B,HZO,,14.38,1,0,0,R,B,B,382381,0,0,,C
20140304,9:33:30.065,Y,HZO,,14.03,2,14.75,2,R,Y,Y,383530,0,0,A,C
20140304,9:33:30.065,N,HZO,,14.38,1,14.47,1,R,N,N,383531,6,0,A,C
20140304,9:33:35.006,K,HZO,,14.33,1,14.66,1,R,K,K,387617,0,0,,C
20140304,9:33:36.289,W,HZO,,13.95,1,14.61,1,R,W,W,388523,0,0,,C
20140304,9:33:36.348,N,HZO,,14.38,2,14.47,1,R,N,N,388563,6,0,A,C
20140304,9:33:37.699,B,HZO,,14.42,1,0,0,R,B,B,389727,6,0,,C
20140304,9:33:37.702,N,HZO,,14.38,2,14.47,1,R,N,N,389729,0,0,A,C
20140304,9:33:37.703,P,HZO,,14.42,1,14.47,1,R,P,P,389730,6,0,,C
20140304,9:33:37.851,T,HZO,,14.36,1,14.52,1,R,T,T,389917,0,0,,C
20140304,9:33:37.851,Z,HZO,,14.36,1,14.52,1,R,Z,Z,389918,0,0,,C
20140304,9:33:38.381,N,HZO,,14.38,2,14.47,1,R,N,N,390316,6,0,A,C
20140304,9:33:38.676,B,HZO,,14.38,1,0,0,R,B,B,390493,6,0,,C
20140304,9:33:38.681,W,HZO,,13.96,1,14.6,1,R,W,W,390498,0,0,,C
20140304,9:33:39.506,B,HZO,,14.36,1,0,0,R,B,B,391071,0,0,,C
20140304,9:33:39.544,B,HZO,,14.42,1,0,0,R,B,B,391075,0,0,,C
20140304,9:33:43.464,N,HZO,,14.38,2,14.5,10,R,N,N,394945,0,0,A,C
20140304,9:33:43.465,N,HZO,,14.42,1,14.5,10,R,N,N,394946,0,0,A,C
20140304,9:33:43.465,P,HZO,,14.42,1,14.49,1,R,P,P,394947,6,0,,C
20140304,9:33:43.465,T,HZO,,14.36,1,14.56,1,R,T,T,394949,0,0,,C
20140304,9:33:43.466,Z,HZO,,14.36,1,14.56,1,R,Z,Z,394950,0,0,,C
20140304,9:33:43.466,P,HZO,,14.42,1,14.51,1,R,P,P,394952,6,0,,C
20140304,9:33:43.466,N,HZO,,14.42,1,14.5,10,R,N,N,394953,0,0,A,C
20140304,9:33:43.466,Y,HZO,,14.03,2,14.75,2,R,Y,Y,394954,0,0,A,C
20140304,9:33:43.467,N,HZO,,14.42,1,14.5,10,R,N,N,394955,0,0,A,C
20140304,9:33:43.467,T,HZO,,14.43,1,14.56,1,R,T,T,394956,6,0,,C
20140304,9:33:43.467,Y,HZO,,14.03,2,14.75,2,R,Y,Y,394957,0,0,A,C
20140304,9:33:43.467,P,HZO,,14.42,1,14.55,1,R,P,P,394958,0,0,,C
20140304,9:33:43.468,N,HZO,,14.42,1,14.5,9,R,N,N,394959,6,0,,C
20140304,9:33:43.468,W,HZO,,13.97,1,14.59,1,R,W,W,394960,0,0,,C
20140304,9:33:43.496,P,HZO,,14.47,1,14.55,1,R,P,P,394966,6,0,,C
20140304,9:33:43.497,P,HZO,,14.47,1,14.56,1,R,P,P,394967,0,0,,C
20140304,9:33:43.499,J,HZO,,13.45,1,15.51,1,R,J,J,394969,0,0,,C
20140304,9:33:43.499,P,HZO,,14.47,2,14.56,1,R,P,P,394970,6,0,,C
20140304,9:33:43.500,N,HZO,,14.42,1,14.5,7,R,N,N,394971,6,0,,C
20140304,9:33:43.501,W,HZO,,13.97,1,14.63,1,R,W,W,394972,0,0,,C
20140304,9:33:43.501,Y,HZO,,14.03,2,14.75,2,R,Y,Y,394973,0,0,A,C
20140304,9:33:43.502,N,HZO,,14.42,1,14.5,6,R,N,N,394974,6,0,,C
20140304,9:33:43.515,N,HZO,,14.38,1,14.5,6,R,N,N,394988,0,0,,C
20140304,9:33:43.522,P,HZO,,14.47,2,14.76,1,R,P,P,394989,0,0,,C
20140304,9:33:43.567,T,HZO,,14.36,1,14.56,1,R,T,T,394992,0,0,,C
20140304,9:33:43.648,T,HZO,,14.4,1,14.56,1,R,T,T,395006,0,0,,C
20140304,9:33:43.648,Z,HZO,,14.4,1,14.56,1,R,Z,Z,395007,0,0,,C
20140304,9:33:43.649,N,HZO,,14.4,1,14.5,6,R,N,N,395008,0,0,,C
20140304,9:33:44.284,Y,HZO,,14.03,2,14.75,2,R,Y,Y,395670,0,0,A,C
20140304,9:33:45.243,B,HZO,,14.36,1,0,0,R,B,B,396439,0,0,,C
20140304,9:33:45.303,N,HZO,,14.47,2,14.5,6,R,N,N,396505,0,0,,C
20140304,9:33:45.721,N,HZO,,14.47,3,14.5,6,R,N,N,396907,1,0,,C
20140304,9:33:48.038,K,HZO,,14.42,1,14.66,1,R,K,K,398676,0,0,,C
20140304,9:33:53.702,K,HZO,,14.47,1,14.66,1,R,K,K,404250,0,0,,C
20140304,9:33:54.697,B,HZO,,0,0,0,0,R,B,B,405143,0,0,,C
20140304,9:34:00.035,W,HZO,,14,1,14.63,1,R,W,W,408984,0,0,,C
20140304,9:34:08.077,T,HZO,,14.4,1,14.5,2,R,T,T,416751,0,0,,C
20140304,9:34:08.077,N,HZO,,14.4,1,14.5,6,R,N,N,416752,6,0,,C
20140304,9:34:08.078,T,HZO,,14.4,1,14.49,1,R,T,T,416753,6,0,,C
20140304,9:34:08.078,Y,HZO,,14.03,2,14.75,2,R,Y,Y,416754,0,0,A,C
20140304,9:34:08.079,P,HZO,,14.47,3,14.76,1,R,P,P,416758,6,0,,C
20140304,9:34:08.081,P,HZO,,14.47,2,14.76,1,R,P,P,416760,6,0,,C
20140304,9:34:08.082,K,HZO,,14.42,1,14.66,1,R,K,K,416761,0,0,,C
20140304,9:34:08.091,T,HZO,,14.4,1,14.5,2,R,T,T,416781,6,0,,C
20140304,9:34:08.091,T,HZO,,14.41,1,14.5,2,R,T,T,416782,0,0,,C
20140304,9:34:08.107,P,HZO,,14.18,1,14.76,1,R,P,P,416792,6,0,,C
20140304,9:34:08.107,P,HZO,,14.18,1,14.49,1,R,P,P,416793,6,0,,C
20140304,9:34:08.108,T,HZO,,14.41,1,14.49,1,R,T,T,416794,0,0,,C
20140304,9:34:08.108,Z,HZO,,14.28,1,14.56,1,R,Z,Z,416795,0,0,,C
20140304,9:34:08.108,N,HZO,,14.32,5,14.5,6,R,N,N,416796,0,0,,C
20140304,9:34:08.110,W,HZO,,14.01,1,14.57,1,R,W,W,416798,0,0,,C
20140304,9:34:08.126,P,HZO,,14.47,1,14.49,1,R,P,P,416808,6,0,,C
20140304,9:34:08.127,P,HZO,,14.18,1,14.49,1,R,P,P,416809,6,0,,C
20140304,9:34:08.130,W,HZO,,14.01,1,14.63,1,R,W,W,416812,0,0,,C
20140304,9:34:08.131,W,HZO,,14.01,1,14.57,1,R,W,W,416813,0,0,,C
20140304,9:34:08.146,N,HZO,,14.28,1,14.5,6,R,N,N,416859,0,0,,C
20140304,9:34:08.204,P,HZO,,14.18,1,14.75,1,R,P,P,416904,0,0,,C
20140304,9:34:08.204,T,HZO,,14.41,1,14.5,2,R,T,T,416905,6,0,,C
20140304,9:34:08.244,T,HZO,,14.15,1,14.5,2,R,T,T,416928,0,0,,C
20140304,9:34:08.244,P,HZO,,14.13,1,14.75,1,R,P,P,416929,0,0,,C
20140304,9:34:08.244,Z,HZO,,14.03,2,14.56,1,R,Z,Z,416930,0,0,,C
20140304,9:34:08.245,P,HZO,,14.28,1,14.75,1,R,P,P,416931,0,0,,C
20140304,9:34:08.254,P,HZO,,14.28,1,14.76,1,R,P,P,416935,0,0,,C
20140304,9:34:08.397,T,HZO,,14.24,1,14.5,2,R,T,T,417005,0,0,,C
20140304,9:34:08.397,Z,HZO,,14.24,1,14.56,1,R,Z,Z,417006,0,0,,C
20140304,9:34:08.601,B,HZO,,14.42,1,0,0,R,B,B,417296,0,0,,C
20140304,9:34:08.752,T,HZO,,14.28,1,14.5,2,R,T,T,417511,0,0,,C
20140304,9:34:08.752,Z,HZO,,14.28,1,14.56,1,R,Z,Z,417512,0,0,,C
20140304,9:34:08.752,N,HZO,,14.28,2,14.5,6,R,N,N,417513,0,0,,C
20140304,9:34:08.976,N,HZO,,14.41,1,14.5,6,R,N,N,417699,0,0,,C
20140304,9:34:09.128,T,HZO,,14.36,1,14.5,2,R,T,T,417818,0,0,,C
20140304,9:34:09.128,Z,HZO,,14.36,1,14.56,1,R,Z,Z,417819,0,0,,C
20140304,9:34:09.152,N,HZO,,14.28,2,14.5,6,R,N,N,417826,0,0,,C
20140304,9:34:09.153,T,HZO,,14.15,1,14.5,2,R,T,T,417827,0,0,,C
20140304,9:34:09.153,Z,HZO,,14.03,2,14.56,1,R,Z,Z,417828,0,0,,C
20140304,9:34:09.304,T,HZO,,14.28,1,14.5,2,R,T,T,417939,0,0,,C
20140304,9:34:09.304,Z,HZO,,14.28,1,14.56,1,R,Z,Z,417940,0,0,,C
20140304,9:34:09.311,N,HZO,,14.41,1,14.5,6,R,N,N,417942,0,0,,C
20140304,9:34:09.464,T,HZO,,14.36,1,14.5,2,R,T,T,418037,0,0,,C
20140304,9:34:09.464,Z,HZO,,14.36,1,14.56,1,R,Z,Z,418038,0,0,,C
20140304,9:34:09.493,N,HZO,,14.28,2,14.5,6,R,N,N,418049,0,0,,C
20140304,9:34:09.494,T,HZO,,14.15,1,14.5,2,R,T,T,418050,0,0,,C
20140304,9:34:09.494,Z,HZO,,14.03,2,14.56,1,R,Z,Z,418051,0,0,,C
20140304,9:34:09.645,T,HZO,,14.28,1,14.5,2,R,T,T,418112,0,0,,C
20140304,9:34:09.645,Z,HZO,,14.28,1,14.56,1,R,Z,Z,418113,0,0,,C
20140304,9:34:09.652,N,HZO,,14.41,1,14.5,6,R,N,N,418119,0,0,,C
20140304,9:34:09.804,T,HZO,,14.36,1,14.5,2,R,T,T,418188,0,0,,C
20140304,9:34:09.804,Z,HZO,,14.36,1,14.56,1,R,Z,Z,418189,0,0,,C
20140304,9:34:09.824,N,HZO,,14.28,2,14.5,6,R,N,N,418195,0,0,,C
20140304,9:34:09.825,T,HZO,,14.15,1,14.5,2,R,T,T,418196,0,0,,C
20140304,9:34:09.825,Z,HZO,,14.03,2,14.56,1,R,Z,Z,418197,0,0,,C
20140304,9:34:09.976,T,HZO,,14.28,1,14.5,2,R,T,T,418341,0,0,,C
20140304,9:34:09.976,Z,HZO,,14.28,1,14.56,1,R,Z,Z,418342,0,0,,C
20140304,9:34:09.993,N,HZO,,14.41,1,14.5,6,R,N,N,418348,0,0,,C
20140304,9:34:10.144,T,HZO,,14.36,1,14.5,2,R,T,T,418461,0,0,,C
20140304,9:34:10.144,Z,HZO,,14.36,1,14.56,1,R,Z,Z,418462,0,0,,C
20140304,9:34:10.154,N,HZO,,14.28,2,14.5,6,R,N,N,418470,0,0,,C
20140304,9:34:10.155,T,HZO,,14.15,1,14.5,2,R,T,T,418474,0,0,,C
20140304,9:34:10.155,Z,HZO,,14.03,2,14.56,1,R,Z,Z,418475,0,0,,C
20140304,9:34:10.305,T,HZO,,14.28,1,14.5,2,R,T,T,418585,0,0,,C
20140304,9:34:10.306,Z,HZO,,14.28,1,14.56,1,R,Z,Z,418586,0,0,,C
20140304,9:34:10.322,N,HZO,,14.41,1,14.5,6,R,N,N,418589,0,0,,C
20140304,9:34:10.442,B,HZO,,0,0,0,0,R,B,B,418734,0,0,,C
20140304,9:34:10.474,T,HZO,,14.36,1,14.5,2,R,T,T,418757,0,0,,C
20140304,9:34:10.474,Z,HZO,,14.36,1,14.56,1,R,Z,Z,418758,0,0,,C
20140304,9:34:10.528,N,HZO,,14.28,1,14.5,6,R,N,N,418784,0,0,,C
20140304,9:34:10.529,T,HZO,,14.15,1,14.5,2,R,T,T,418785,0,0,,C
20140304,9:34:10.529,Z,HZO,,14.03,2,14.56,1,R,Z,Z,418786,0,0,,C
20140304,9:34:10.680,T,HZO,,14.24,1,14.5,2,R,T,T,418904,0,0,,C
20140304,9:34:10.680,Z,HZO,,14.24,1,14.56,1,R,Z,Z,418905,0,0,,C
20140304,9:34:14.095,K,HZO,,14.23,1,14.66,1,R,K,K,423294,6,0,,C
20140304,9:34:14.096,Y,HZO,,14.03,2,14.75,2,R,Y,Y,423295,0,0,A,C
20140304,9:34:14.102,J,HZO,,13.28,1,15.51,1,R,J,J,423298,0,0,,C
20140304,9:34:14.103,Z,HZO,,14.24,1,14.53,1,R,Z,Z,423299,0,0,,C
20140304,9:34:14.104,W,HZO,,14,1,14.55,1,R,W,W,423300,0,0,,C
20140304,9:34:14.105,N,HZO,,14.28,1,14.5,6,R,N,N,423301,0,0,A,C
20140304,9:34:14.108,Y,HZO,,14.03,2,14.75,2,R,Y,Y,423307,0,0,A,C
20140304,9:34:14.108,P,HZO,,14.26,1,14.76,1,R,P,P,423308,6,0,,C
20140304,9:34:14.108,N,HZO,,14.28,1,14.5,6,R,N,N,423309,0,0,,C
20140304,9:34:14.109,T,HZO,,14.15,1,14.5,2,R,T,T,423310,0,0,,C
20140304,9:34:14.111,P,HZO,,14.25,1,14.76,1,R,P,P,423311,0,0,,C
20140304,9:34:14.123,N,HZO,,14.28,1,14.49,1,R,N,N,423316,1,0,,C
20140304,9:34:14.260,T,HZO,,14.2,1,14.5,2,R,T,T,423453,0,0,,C
20140304,9:34:16.424,Z,HZO,,14.03,1,14.53,1,R,Z,Z,426272,0,0,,C
20140304,9:34:16.424,Y,HZO,,14.03,2,14.75,2,R,Y,Y,426273,0,0,A,C
20140304,9:34:16.425,N,HZO,,14.28,1,14.49,1,R,N,N,426274,0,0,A,C
20140304,9:34:16.425,N,HZO,,14.28,1,14.49,1,R,N,N,426275,0,0,A,C
20140304,9:34:16.469,T,HZO,,14.28,1,14.5,2,R,T,T,426282,0,0,,C
20140304,9:34:16.621,Z,HZO,,14.24,1,14.53,1,R,Z,Z,426334,0,0,,C
20140304,9:34:17.501,P,HZO,,14.28,1,14.76,1,R,P,P,426936,0,0,,C
20140304,9:34:17.506,N,HZO,,14.29,1,14.49,1,R,N,N,426937,1,0,A,C
20140304,9:34:17.511,W,HZO,,13.98,1,14.57,1,R,W,W,426938,0,0,,C
20140304,9:34:19.466,T,HZO,,14.24,1,14.5,2,R,T,T,428668,0,0,,C
20140304,9:34:19.468,P,HZO,,14.27,1,14.76,1,R,P,P,428670,0,0,,C
20140304,9:34:19.476,N,HZO,,14.28,1,14.49,1,R,N,N,428674,1,0,A,C
20140304,9:34:19.477,T,HZO,,14.15,1,14.5,2,R,T,T,428675,0,0,,C
20140304,9:34:19.477,Z,HZO,,14.03,1,14.53,1,R,Z,Z,428676,0,0,,C
20140304,9:34:19.477,Y,HZO,,14.03,2,14.75,2,R,Y,Y,428677,0,0,A,C
20140304,9:34:19.477,N,HZO,,14.28,1,14.49,1,R,N,N,428678,0,0,A,C
20140304,9:34:19.478,P,HZO,,14.26,1,14.76,1,R,P,P,428679,0,0,,C
20140304,9:34:19.481,W,HZO,,13.97,1,14.58,1,R,W,W,428684,0,0,,C
20140304,9:34:19.510,N,HZO,,14.29,1,14.49,1,R,N,N,428743,1,0,A,C
20140304,9:34:19.522,N,HZO,,14.3,1,14.49,1,R,N,N,428751,1,0,A,C
20140304,9:34:19.662,T,HZO,,14.24,1,14.5,2,R,T,T,428959,0,0,,C
20140304,9:34:19.662,Z,HZO,,14.24,1,14.53,1,R,Z,Z,428960,0,0,,C
20140304,9:34:21.288,Y,HZO,,14.03,2,14.75,2,R,Y,Y,430866,0,0,A,C
20140304,9:34:21.288,N,HZO,,14.3,1,14.49,1,R,N,N,430867,0,0,A,C
20140304,9:34:21.310,N,HZO,,14.28,1,14.49,1,R,N,N,430998,1,0,A,C
20140304,9:34:21.311,T,HZO,,14.15,1,14.5,2,R,T,T,430999,0,0,,C
20140304,9:34:21.311,Z,HZO,,14.03,1,14.53,1,R,Z,Z,431000,0,0,,C
20140304,9:34:21.330,K,HZO,,14.3,1,14.66,1,R,K,K,431014,6,0,,C
20140304,9:34:21.358,N,HZO,,14.31,1,14.49,1,R,N,N,431032,1,0,A,C
20140304,9:34:21.509,T,HZO,,14.24,1,14.5,2,R,T,T,431135,0,0,,C
20140304,9:34:21.509,Z,HZO,,14.24,1,14.53,1,R,Z,Z,431136,0,0,,C
20140304,9:34:23.085,K,HZO,,14.23,1,14.66,1,R,K,K,432796,0,0,,C
20140304,9:34:23.098,N,HZO,,14.28,1,14.49,1,R,N,N,432803,1,0,A,C
20140304,9:34:23.099,T,HZO,,14.15,1,14.5,2,R,T,T,432804,0,0,,C
20140304,9:34:23.100,Z,HZO,,14.03,1,14.53,1,R,Z,Z,432805,0,0,,C
20140304,9:34:23.103,W,HZO,,13.96,1,14.59,1,R,W,W,432806,0,0,,C
20140304,9:34:23.130,T,HZO,,14.31,1,14.5,2,R,T,T,432813,6,0,,C
20140304,9:34:23.147,N,HZO,,14.31,1,14.49,1,R,N,N,432878,0,0,A,C
20140304,9:34:23.282,Z,HZO,,14.24,1,14.53,1,R,Z,Z,433011,0,0,,C
20140304,9:34:23.748,T,HZO,,14.31,1,14.49,1,R,T,T,433454,6,0,,C
20140304,9:34:23.751,Z,HZO,,14.24,1,14.55,1,R,Z,Z,433455,0,0,,C
20140304,9:34:24.422,P,HZO,,14.32,1,14.76,1,R,P,P,434238,6,0,,C
20140304,9:34:24.423,N,HZO,,14.32,1,14.49,1,R,N,N,434241,6,0,A,C
20140304,9:34:24.424,T,HZO,,14.31,1,14.5,2,R,T,T,434247,6,0,,C
20140304,9:34:24.434,N,HZO,,14.33,1,14.49,1,R,N,N,434248,1,0,A,C
20140304,9:34:24.437,N,HZO,,14.33,1,14.5,6,R,N,N,434249,1,0,A,C
20140304,9:34:24.574,Z,HZO,,14.28,1,14.55,1,R,Z,Z,434334,0,0,,C
20140304,9:34:24.918,T,HZO,,14.28,1,14.5,2,R,T,T,434543,0,0,,C
20140304,9:34:24.918,N,HZO,,14.33,1,14.5,6,R,N,N,434544,0,0,A,C
20140304,9:34:24.957,B,HZO,,14.33,1,0,0,R,B,B,434572,0,0,,C
20140304,9:34:24.991,N,HZO,,14.34,1,14.5,6,R,N,N,434587,1,0,A,C
20140304,9:34:24.991,P,HZO,,14.26,1,14.76,1,R,P,P,434588,0,0,,C
20140304,9:34:27.138,N,HZO,,14.34,1,14.49,1,R,N,N,436186,1,0,A,C
20140304,9:34:27.395,B,HZO,,0,0,0,0,R,B,B,436348,0,0,,C
20140304,9:34:27.407,N,HZO,,14.33,1,14.49,1,R,N,N,436385,1,0,A,C
20140304,9:34:27.443,B,HZO,,14.34,1,0,0,R,B,B,436422,6,0,,C
20140304,9:34:27.467,N,HZO,,14.35,1,14.49,1,R,N,N,436427,1,0,A,C
20140304,9:34:27.469,N,HZO,,14.35,1,14.5,6,R,N,N,436428,1,0,A,C
20140304,9:34:27.470,N,HZO,,14.33,1,14.5,6,R,N,N,436429,6,0,A,C
20140304,9:34:27.470,N,HZO,,14.34,1,14.5,6,R,N,N,436430,0,0,A,C
20140304,9:34:29.127,K,HZO,,14.29,1,14.66,1,R,K,K,437824,0,0,,C
20140304,9:34:30.034,W,HZO,,13.95,1,14.6,1,R,W,W,438989,0,0,,C
20140304,9:34:30.035,Z,HZO,,14.28,1,14.56,1,R,Z,Z,438995,0,0,,C
20140304,9:34:30.035,Y,HZO,,14.03,2,14.75,2,R,Y,Y,438997,0,0,A,C
20140304,9:34:30.035,N,HZO,,14.34,1,14.5,6,R,N,N,439001,0,0,A,C
20140304,9:34:30.035,Y,HZO,,14.03,2,14.75,2,R,Y,Y,439005,0,0,A,C
20140304,9:34:30.037,N,HZO,,14.34,1,14.49,1,R,N,N,439011,6,0,A,C
20140304,9:34:36.267,N,HZO,,14.34,1,14.49,1,R,N,N,445576,0,0,A,C
20140304,9:34:36.268,W,HZO,,14.11,1,14.85,1,R,W,W,445577,0,0,,C
20140304,9:34:39.771,T,HZO,,14.34,1,14.5,2,R,T,T,448640,0,0,,C
20140304,9:34:39.788,N,HZO,,14.35,1,14.49,1,R,N,N,448676,1,0,A,C
20140304,9:34:39.792,N,HZO,,14.35,1,14.5,6,R,N,N,448678,1,0,A,C
20140304,9:34:39.793,Y,HZO,,14.03,2,14.75,2,R,Y,Y,448679,0,0,A,C
20140304,9:34:39.793,N,HZO,,14.35,1,14.5,6,R,N,N,448680,0,0,A,C
20140304,9:34:39.793,Y,HZO,,14.03,2,14.75,2,R,Y,Y,448681,0,0,A,C
20140304,9:34:39.793,W,HZO,,14.1,1,14.86,1,R,W,W,448682,0,0,,C
20140304,9:34:39.825,N,HZO,,14.34,1,14.5,6,R,N,N,448702,6,0,A,C
20140304,9:34:40.468,P,HZO,,14.34,1,14.76,1,R,P,P,449087,0,0,,C
20140304,9:34:58.868,N,HZO,,14.28,2,14.5,6,R,N,N,465068,0,0,A,C
20140304,9:35:01.755,W,HZO,,14.08,1,14.89,1,R,W,W,470033,0,0,,C
20140304,9:35:12.227,N,HZO,,14.28,2,14.5,5,R,N,N,488745,6,0,A,C
20140304,9:35:12.227,N,HZO,,14.35,1,14.5,5,R,N,N,488746,1,0,A,C
20140304,9:35:12.227,Y,HZO,,14.03,2,14.75,2,R,Y,Y,488747,0,0,A,C
20140304,9:35:12.227,P,HZO,,14.35,1,14.76,1,R,P,P,488748,0,0,,C
20140304,9:35:12.239,N,HZO,,14.33,1,14.5,5,R,N,N,488752,6,0,A,C
20140304,9:35:12.240,N,HZO,,14.36,1,14.5,5,R,N,N,488753,1,0,,C
20140304,9:35:12.241,N,HZO,,14.36,1,14.5,5,R,N,N,488754,0,0,A,C
20140304,9:35:12.962,B,HZO,,14.37,1,0,0,R,B,B,489710,6,0,,C
20140304,9:35:12.962,T,HZO,,14.28,1,14.5,2,R,T,T,489711,0,0,,C
20140304,9:35:12.962,Y,HZO,,14.03,2,14.75,2,R,Y,Y,489712,0,0,A,C
20140304,9:35:12.983,N,HZO,,14.38,1,14.5,5,R,N,N,489725,1,0,,C
20140304,9:35:12.986,N,HZO,,14.38,1,14.5,5,R,N,N,489726,0,0,A,C
20140304,9:35:13.113,T,HZO,,14.32,1,14.5,2,R,T,T,490180,0,0,,C
20140304,9:35:13.113,Z,HZO,,14.32,1,14.56,1,R,Z,Z,490181,0,0,,C
20140304,9:35:14.580,B,HZO,,14.38,1,0,0,R,B,B,492412,0,0,,C
20140304,9:35:14.603,N,HZO,,14.36,1,14.5,5,R,N,N,492449,6,0,A,C
20140304,9:35:14.603,N,HZO,,14.39,1,14.5,5,R,N,N,492450,1,0,A,C
20140304,9:35:16.693,B,HZO,,14.37,1,0,0,R,B,B,494909,0,0,,C
20140304,9:35:16.703,N,HZO,,14.36,1,14.5,5,R,N,N,494915,6,0,A,C
20140304,9:35:16.703,N,HZO,,14.32,1,14.5,5,R,N,N,494916,0,0,A,C
20140304,9:35:16.703,N,HZO,,14.37,1,14.5,5,R,N,N,494917,0,0,A,C
20140304,9:35:16.738,Y,HZO,,14.39,1,14.75,2,R,Y,Y,494932,6,0,A,C
20140304,9:35:20.077,Y,HZO,,14.39,1,14.75,2,R,Y,Y,499623,0,0,A,C
20140304,9:35:20.077,N,HZO,,14.37,1,14.5,5,R,N,N,499624,0,0,,C
20140304,9:35:20.107,N,HZO,,14.4,1,14.5,5,R,N,N,499657,1,0,,C
20140304,9:35:20.109,P,HZO,,14.4,1,14.76,1,R,P,P,499658,0,0,,C
20140304,9:35:20.262,T,HZO,,14.36,1,14.5,2,R,T,T,499802,0,0,,C
20140304,9:35:20.262,Z,HZO,,14.36,1,14.56,1,R,Z,Z,499803,0,0,,C
20140304,9:35:22.378,Y,HZO,,14.03,2,14.75,2,R,Y,Y,502746,0,0,A,C
20140304,9:35:22.417,B,HZO,,14.4,1,0,0,R,B,B,502787,0,0,,C
20140304,9:35:26.250,K,HZO,,14.35,1,14.66,1,R,K,K,507807,0,0,,C
20140304,9:35:27.503,P,HZO,,14.41,1,14.76,1,R,P,P,509770,6,0,,C
20140304,9:35:27.503,N,HZO,,14.41,1,14.5,5,R,N,N,509772,0,0,,C
20140304,9:35:28.503,P,HZO,,14.4,1,14.76,1,R,P,P,511202,6,0,,C
20140304,9:35:28.505,B,HZO,,14.43,1,0,0,R,B,B,511208,6,0,,C
20140304,9:35:29.408,B,HZO,,14.43,2,0,0,R,B,B,513615,6,0,,C
20140304,9:35:36.289,W,HZO,,14.08,1,14.82,1,R,W,W,523191,0,0,,C
20140304,9:35:41.291,K,HZO,,14.38,1,14.66,1,R,K,K,531971,0,0,,C
20140304,9:35:53.625,Y,HZO,,14.03,2,14.75,2,R,Y,Y,549325,0,0,,C
20140304,9:35:53.625,N,HZO,,14.43,1,14.5,5,R,N,N,549326,0,0,,C
20140304,9:35:53.626,P,HZO,,14.26,1,14.76,1,R,P,P,549327,0,0,,C
20140304,9:35:53.628,P,HZO,,14.43,1,14.76,1,R,P,P,549328,0,0,,C
20140304,9:35:53.630,W,HZO,,14.11,1,14.79,1,R,W,W,549333,0,0,,C
20140304,9:35:57.903,N,HZO,,14.41,1,14.5,5,R,N,N,557612,0,0,,C
20140304,9:35:57.904,Y,HZO,,14.03,2,14.75,2,R,Y,Y,557615,0,0,A,C
20140304,9:36:01.735,W,HZO,,14.1,1,14.78,1,R,W,W,563630,0,0,,C
20140304,9:36:21.576,P,HZO,,14.43,1,14.5,1,R,P,P,596710,0,0,,C
20140304,9:36:22.051,B,HZO,,14.43,1,0,0,R,B,B,597297,6,0,,C
20140304,9:36:22.057,W,HZO,,14.11,1,14.77,1,R,W,W,597302,0,0,,C
20140304,9:36:36.283,W,HZO,,14.17,1,14.83,1,R,W,W,616539,0,0,,C
20140304,9:36:53.297,N,HZO,,14.41,1,14.5,5,R,N,N,636434,0,0,,C
20140304,9:37:01.769,W,HZO,,14.18,1,14.84,1,R,W,W,645857,0,0,,C
20140304,9:37:01.953,N,HZO,,14.36,1,14.5,5,R,N,N,646125,0,0,,C
20140304,9:37:25.462,N,HZO,,14.36,1,14.5,4,R,N,N,685901,6,0,,C
20140304,9:37:25.462,N,HZO,,14.42,1,14.5,4,R,N,N,685902,0,0,,C
20140304,9:37:25.462,Y,HZO,,14.03,2,14.75,2,R,Y,Y,685903,0,0,,C
20140304,9:37:25.484,N,HZO,,14.36,1,14.5,4,R,N,N,685937,0,0,,C
20140304,9:37:27.604,Y,HZO,,14.03,2,14.75,2,R,Y,Y,689203,0,0,A,C
20140304,9:37:27.605,N,HZO,,14.37,1,14.5,4,R,N,N,689204,0,0,,C
20140304,9:37:30.048,Y,HZO,,14.03,2,14.75,2,R,Y,Y,692157,0,0,A,C
20140304,9:37:30.091,N,HZO,,14.37,1,14.5,4,R,N,N,692300,0,0,A,C
20140304,9:38:01.782,W,HZO,,14.17,1,14.83,1,R,W,W,730474,0,0,,C
20140304,9:38:13.632,P,HZO,,14.43,2,14.5,1,R,P,P,750318,6,0,,C
20140304,9:38:13.636,W,HZO,,14.15,1,14.85,1,R,W,W,750322,0,0,,C
20140304,9:38:30.044,W,HZO,,14.17,1,14.83,1,R,W,W,773977,0,0,,C
20140304,9:38:39.801,N,HZO,,14.37,2,14.5,4,R,N,N,789415,0,0,A,C
20140304,9:38:54.310,N,HZO,,14.37,2,14.5,2,R,N,N,806764,6,0,A,C
20140304,9:38:54.311,Y,HZO,,14.03,2,14.75,2,R,Y,Y,806765,0,0,A,C
20140304,9:38:54.314,W,HZO,,14.16,1,14.84,1,R,W,W,806766,0,0,,C
20140304,9:39:02.917,Y,HZO,,14.03,2,14.75,2,R,Y,Y,816960,0,0,A,C
20140304,9:39:13.338,N,HZO,,14.37,2,14.56,2,R,N,N,827761,0,0,A,C
20140304,9:39:13.339,N,HZO,,14.44,1,14.56,2,R,N,N,827763,6,0,,C
20140304,9:39:13.340,P,HZO,,14.43,1,14.5,1,R,P,P,827779,0,0,,C
20140304,9:39:13.340,P,HZO,,14.26,1,14.5,1,R,P,P,827780,0,0,,C
20140304,9:39:13.341,J,HZO,,13.42,1,15.51,1,R,J,J,827781,0,0,,C
20140304,9:39:13.342,P,HZO,,14.44,1,14.5,1,R,P,P,827782,0,0,,C
20140304,9:39:13.342,P,HZO,,14.44,2,14.5,1,R,P,P,827783,6,0,,C
20140304,9:39:13.343,W,HZO,,14.17,1,14.83,1,R,W,W,827784,0,0,,C
20140304,9:39:13.345,B,HZO,,14.44,1,0,0,R,B,B,827785,0,0,,C
20140304,9:39:13.357,K,HZO,,14.38,1,14.5,2,R,K,K,827791,0,0,,C
20140304,9:39:13.468,P,HZO,,14.44,3,14.5,1,R,P,P,827926,6,0,,C
20140304,9:39:13.494,T,HZO,,14.4,1,14.5,2,R,T,T,827947,6,0,,C
20140304,9:39:13.494,Z,HZO,,14.4,1,14.56,1,R,Z,Z,827948,0,0,,C
20140304,9:39:15.271,N,HZO,,14.44,1,14.56,2,R,N,N,829752,0,0,A,C
20140304,9:39:15.300,N,HZO,,14.4,1,14.56,2,R,N,N,829790,0,0,A,C
20140304,9:39:15.311,B,HZO,,14.44,2,0,0,R,B,B,829801,0,0,,C
20140304,9:39:17.220,N,HZO,,14.45,1,14.56,2,R,N,N,831451,6,0,,C
20140304,9:39:17.221,B,HZO,,14.44,1,0,0,R,B,B,831458,0,0,,C
20140304,9:39:17.304,P,HZO,,14.44,3,14.76,1,R,P,P,831703,0,0,,C
20140304,9:39:17.304,K,HZO,,14.38,1,14.66,1,R,K,K,831704,6,0,,C
20140304,9:39:17.304,T,HZO,,14.4,1,14.5,1,R,T,T,831705,6,0,,C
20140304,9:39:17.304,P,HZO,,14.46,1,14.76,1,R,P,P,831707,6,0,,C
20140304,9:39:17.304,Y,HZO,,14.03,2,14.75,2,R,Y,Y,831708,0,0,A,C
20140304,9:39:17.305,T,HZO,,14.46,1,14.5,1,R,T,T,831710,0,0,,C
20140304,9:39:17.305,T,HZO,,14.46,1,14.6,1,R,T,T,831711,6,0,,C
20140304,9:39:17.305,T,HZO,,14.47,1,14.6,1,R,T,T,831712,6,0,,C
20140304,9:39:17.305,T,HZO,,14.47,2,14.6,1,R,T,T,831713,6,0,,C
20140304,9:39:17.305,T,HZO,,14.47,2,14.85,1,R,T,T,831714,0,0,,C
20140304,9:39:17.305,T,HZO,,14.47,2,14.9,1,R,T,T,831715,0,0,,C
20140304,9:39:17.305,Z,HZO,,14.4,1,14.77,1,R,Z,Z,831716,0,0,,C
20140304,9:39:17.305,P,HZO,,14.46,1,14.77,1,R,P,P,831717,0,0,,C
20140304,9:39:17.306,P,HZO,,14.46,1,14.79,1,R,P,P,831718,0,0,,C
20140304,9:39:17.306,N,HZO,,14.45,1,14.56,1,R,N,N,831719,6,0,,C
20140304,9:39:17.309,N,HZO,,14.45,1,14.61,5,R,N,N,831728,6,0,,C
20140304,9:39:17.309,N,HZO,,14.46,1,14.61,5,R,N,N,831729,0,0,,C
20140304,9:39:17.310,T,HZO,,14.48,1,14.9,1,R,T,T,831730,6,0,,C
20140304,9:39:17.310,P,HZO,,14.46,1,14.61,1,R,P,P,831731,0,0,,C
20140304,9:39:17.311,N,HZO,,14.46,1,14.61,6,R,N,N,831732,6,0,,C
20140304,9:39:17.311,P,HZO,,14.46,1,14.61,2,R,P,P,831733,0,0,,C
20140304,9:39:17.311,N,HZO,,14.47,1,14.61,6,R,N,N,831734,0,0,,C
20140304,9:39:17.311,Y,HZO,,14.03,2,14.75,1,R,Y,Y,831735,0,0,A,C
20140304,9:39:17.311,Y,HZO,,14.03,2,15.51,1,R,Y,Y,831736,0,0,A,C
20140304,9:39:17.311,Y,HZO,,14.03,1,15.51,1,R,Y,Y,831737,0,0,A,C
20140304,9:39:17.311,Y,HZO,,13.42,1,15.51,1,R,Y,Y,831738,0,0,A,C
20140304,9:39:17.312,P,HZO,,14.46,1,14.61,1,R,P,P,831740,0,0,,C
20140304,9:39:17.312,N,HZO,,14.47,1,14.61,6,R,N,N,831741,0,0,A,C
20140304,9:39:17.312,N,HZO,,14.47,1,14.61,5,R,N,N,831742,6,0,A,C
20140304,9:39:17.312,J,HZO,,13.42,1,14.61,1,R,J,J,831743,0,0,,C
20140304,9:39:17.314,J,HZO,,13.42,1,15.51,1,R,J,J,831744,0,0,,C
20140304,9:39:17.322,N,HZO,,14.47,1,14.63,7,R,N,N,831748,6,0,A,C
20140304,9:39:17.322,N,HZO,,14.49,1,14.63,7,R,N,N,831749,6,0,A,C
20140304,9:39:17.324,P,HZO,,14.46,1,14.63,1,R,P,P,831750,6,0,,C
20140304,9:39:17.325,N,HZO,,14.49,1,14.63,7,R,N,N,831751,0,0,,C
20140304,9:39:17.330,N,HZO,,14.49,1,14.63,7,R,N,N,831764,0,0,A,C
20140304,9:39:17.362,Y,HZO,,13.42,1,15.51,1,R,Y,Y,831797,0,0,A,C
20140304,9:39:17.363,N,HZO,,14.49,1,14.63,7,R,N,N,831799,0,0,A,C
20140304,9:39:17.364,Y,HZO,,14.2,1,15.51,1,R,Y,Y,831812,0,0,A,C
20140304,9:39:17.364,Y,HZO,,14.2,1,14.93,1,R,Y,Y,831813,0,0,A,C
20140304,9:39:17.379,Y,HZO,,14.2,2,14.93,1,R,Y,Y,831851,0,0,A,C
20140304,9:39:17.379,Y,HZO,,14.2,2,14.93,2,R,Y,Y,831852,0,0,A,C
20140304,9:39:17.397,P,HZO,,14.45,1,14.63,1,R,P,P,831924,0,0,,C
20140304,9:39:17.401,N,HZO,,14.49,1,14.62,1,R,N,N,831928,1,0,A,C
20140304,9:39:17.404,P,HZO,,14.45,1,14.64,1,R,P,P,831930,0,0,,C
20140304,9:39:17.407,T,HZO,,14.47,1,14.9,1,R,T,T,831931,0,0,,C
20140304,9:39:17.415,N,HZO,,14.48,1,14.62,1,R,N,N,831935,1,0,A,C
20140304,9:39:17.416,N,HZO,,14.48,1,14.62,1,R,N,N,831936,0,0,A,C
20140304,9:39:17.417,N,HZO,,14.48,1,14.62,1,R,N,N,831938,0,0,A,C
20140304,9:39:17.457,T,HZO,,14.4,1,14.9,1,R,T,T,831975,0,0,,C
20140304,9:39:17.457,P,HZO,,14.44,3,14.64,1,R,P,P,831976,0,0,,C
20140304,9:39:17.461,N,HZO,,14.46,1,14.62,1,R,N,N,831980,1,0,A,C
20140304,9:39:17.461,T,HZO,,14.4,1,14.68,1,R,T,T,831981,0,0,,C
20140304,9:39:17.461,Z,HZO,,14.4,1,14.68,1,R,Z,Z,831983,0,0,,C
20140304,9:39:17.463,P,HZO,,14.44,2,14.64,1,R,P,P,831985,0,0,,C
20140304,9:39:17.463,N,HZO,,14.47,1,14.62,1,R,N,N,831986,1,0,A,C
20140304,9:39:17.484,N,HZO,,14.48,1,14.62,1,R,N,N,831996,1,0,A,C
20140304,9:39:17.824,N,HZO,,14.48,1,14.62,1,R,N,N,832284,0,0,A,C
20140304,9:39:19.627,B,HZO,,0,0,0,0,R,B,B,834426,0,0,,C
20140304,9:39:19.667,B,HZO,,14.48,1,0,0,R,B,B,834454,0,0,,C
20140304,9:39:19.668,P,HZO,,14.48,1,14.64,1,R,P,P,834455,0,0,,C
20140304,9:39:19.687,P,HZO,,14.44,2,14.64,1,R,P,P,834463,0,0,,C
20140304,9:39:19.744,N,HZO,,14.49,1,14.62,1,R,N,N,834736,1,0,A,C
20140304,9:39:19.744,N,HZO,,14.49,2,14.62,1,R,N,N,834737,1,0,A,C
20140304,9:39:19.818,T,HZO,,14.44,1,14.68,1,R,T,T,834843,0,0,,C
20140304,9:39:19.818,Z,HZO,,14.44,1,14.68,1,R,Z,Z,834844,0,0,,C
20140304,9:39:21.424,B,HZO,,0,0,0,0,R,B,B,838201,0,0,,C
20140304,9:39:21.463,B,HZO,,14.49,1,0,0,R,B,B,838207,0,0,,C
20140304,9:39:21.469,N,HZO,,14.5,1,14.62,1,R,N,N,838213,1,0,A,C
20140304,9:39:21.470,P,HZO,,14.44,1,14.64,1,R,P,P,838215,0,0,,C
20140304,9:39:21.470,P,HZO,,14.26,1,14.64,1,R,P,P,838216,0,0,,C
20140304,9:39:21.472,P,HZO,,14.5,1,14.64,1,R,P,P,838217,0,0,,C
20140304,9:39:21.472,P,HZO,,14.5,2,14.64,1,R,P,P,838218,6,0,,C
20140304,9:39:21.478,N,HZO,,14.5,1,14.64,1,R,N,N,838221,6,0,A,C
20140304,9:39:21.479,P,HZO,,14.5,2,14.66,1,R,P,P,838222,6,0,,C
20140304,9:39:21.480,N,HZO,,14.5,1,14.66,1,R,N,N,838223,6,0,A,C
20140304,9:39:21.480,N,HZO,,14.5,1,14.63,1,R,N,N,838224,6,0,A,C
20140304,9:39:21.480,P,HZO,,14.5,2,14.67,1,R,P,P,838227,0,0,,C
20140304,9:39:21.480,T,HZO,,14.44,1,14.97,1,R,T,T,838228,0,0,,C
20140304,9:39:21.480,Z,HZO,,14.44,1,14.77,1,R,Z,Z,838229,0,0,,C
20140304,9:39:21.481,T,HZO,,14.44,1,14.99,1,R,T,T,838230,0,0,,C
20140304,9:39:21.481,T,HZO,,14.44,1,15.01,1,R,T,T,838232,0,0,,C
20140304,9:39:21.481,T,HZO,,14.44,1,15.02,1,R,T,T,838233,0,0,,C
20140304,9:39:21.481,P,HZO,,14.5,2,14.71,1,R,P,P,838234,0,0,,C
20140304,9:39:21.482,J,HZO,,13.42,1,15.69,1,R,J,J,838236,0,0,,C
20140304,9:39:21.497,N,HZO,,14.51,1,14.63,1,R,N,N,838250,1,0,A,C
20140304,9:39:21.532,N,HZO,,14.51,1,14.71,1,R,N,N,838321,6,0,A,C
20140304,9:39:21.533,P,HZO,,14.5,2,14.73,1,R,P,P,838322,0,0,,C
20140304,9:39:21.533,N,HZO,,14.51,1,14.73,1,R,N,N,838323,0,0,A,C
20140304,9:39:21.534,N,HZO,,14.51,1,14.7,1,R,N,N,838324,0,0,A,C
20140304,9:39:21.537,J,HZO,,13.42,1,14.66,1,R,J,J,838325,0,0,,C
20140304,9:39:21.543,N,HZO,,14.5,1,14.7,1,R,N,N,838326,6,0,A,C
20140304,9:39:21.547,P,HZO,,14.5,2,14.66,1,R,P,P,838344,0,0,,C
20140304,9:39:21.547,P,HZO,,14.5,2,14.66,2,R,P,P,838345,1,0,,C
20140304,9:39:21.561,T,HZO,,14.44,1,15.06,1,R,T,T,838350,0,0,,C
20140304,9:39:21.699,T,HZO,,14.44,1,14.72,1,R,T,T,838478,0,0,,C
20140304,9:39:21.699,Z,HZO,,14.44,1,14.72,1,R,Z,Z,838479,0,0,,C
20140304,9:39:22.426,T,HZO,,14.44,1,14.72,1,R,T,T,839111,0,0,A,C
20140304,9:39:22.956,N,HZO,,14.5,1,14.65,1,R,N,N,839339,6,0,A,C
20140304,9:39:22.957,P,HZO,,14.5,2,14.65,1,R,P,P,839341,0,0,,C
20140304,9:39:22.957,N,HZO,,14.5,1,14.65,2,R,N,N,839342,6,0,A,C
20140304,9:39:22.957,T,HZO,,14.5,1,14.72,1,R,T,T,839343,0,0,A,C
20140304,9:39:22.959,T,HZO,,14.44,1,14.72,1,R,T,T,839344,0,0,A,C
20140304,9:39:22.960,P,HZO,,14.5,2,14.65,2,R,P,P,839345,0,0,,C
20140304,9:39:22.960,P,HZO,,14.5,2,14.65,3,R,P,P,839346,1,0,,C
20140304,9:39:22.961,J,HZO,,13.42,1,15.69,1,R,J,J,839347,0,0,,C
20140304,9:39:22.961,W,HZO,,14.16,1,14.84,1,R,W,W,839348,0,0,,C
20140304,9:39:22.963,Y,HZO,,14.2,2,14.65,1,R,Y,Y,839349,0,0,A,C
20140304,9:39:23.398,B,HZO,,0,0,0,0,R,B,B,839639,0,0,,C
20140304,9:39:23.409,N,HZO,,14.5,1,14.64,1,R,N,N,839723,6,0,A,C
20140304,9:39:23.413,Y,HZO,,14.2,2,14.93,2,R,Y,Y,839744,0,0,A,C
20140304,9:39:23.414,P,HZO,,14.5,2,14.64,1,R,P,P,839747,0,0,,C
20140304,9:39:23.416,J,HZO,,13.42,1,14.64,1,R,J,J,839750,0,0,,C
20140304,9:39:23.437,B,HZO,,14.5,1,0,0,R,B,B,839767,0,0,,C
20140304,9:39:23.565,T,HZO,,14.44,1,14.68,1,R,T,T,839926,0,0,A,C
20140304,9:39:23.566,Z,HZO,,14.44,1,14.68,1,R,Z,Z,839927,0,0,,C
20140304,9:39:24.457,P,HZO,,14.5,2,14.65,2,R,P,P,840448,0,0,,C
20140304,9:39:24.458,T,HZO,,14.44,1,14.72,1,R,T,T,840451,0,0,A,C
20140304,9:39:24.458,Z,HZO,,14.44,1,14.72,1,R,Z,Z,840452,0,0,,C
20140304,9:39:24.459,N,HZO,,14.5,1,14.63,1,R,N,N,840453,6,0,A,C
20140304,9:39:24.462,P,HZO,,14.5,2,14.65,1,R,P,P,840454,0,0,,C
20140304,9:39:24.464,J,HZO,,13.42,1,15.69,1,R,J,J,840455,0,0,,C
20140304,9:39:24.468,Y,HZO,,14.2,2,14.63,1,R,Y,Y,840457,0,0,A,C
20140304,9:39:24.513,N,HZO,,14.5,1,14.64,1,R,N,N,840469,6,0,A,C
20140304,9:39:24.514,N,HZO,,14.51,1,14.64,1,R,N,N,840470,6,0,A,C
20140304,9:39:24.515,T,HZO,,14.44,1,14.72,1,R,T,T,840472,0,0,,C
20140304,9:39:24.520,Y,HZO,,14.2,2,14.93,2,R,Y,Y,840474,6,0,A,C
20140304,9:39:24.522,N,HZO,,14.51,1,14.65,1,R,N,N,840477,6,0,A,C
20140304,9:39:24.523,P,HZO,,14.5,2,14.67,1,R,P,P,840478,6,0,,C
20140304,9:39:24.523,N,HZO,,14.51,1,14.67,1,R,N,N,840479,6,0,A,C
20140304,9:39:24.524,P,HZO,,14.5,2,14.7,1,R,P,P,840480,0,0,,C
20140304,9:39:24.525,N,HZO,,14.51,1,14.7,1,R,N,N,840481,0,0,A,C
20140304,9:39:24.525,P,HZO,,14.5,2,14.75,1,R,P,P,840482,0,0,,C
20140304,9:39:24.526,T,HZO,,14.44,1,15.06,1,R,T,T,840483,0,0,,C
20140304,9:39:24.526,T,HZO,,14.44,1,15.08,1,R,T,T,840485,0,0,,C
20140304,9:39:24.526,Z,HZO,,14.44,1,14.77,1,R,Z,Z,840486,0,0,,C
20140304,9:39:24.526,T,HZO,,14.44,1,15.12,1,R,T,T,840487,0,0,,C
20140304,9:39:24.526,T,HZO,,14.44,1,15.17,1,R,T,T,840488,0,0,,C
20140304,9:39:24.526,N,HZO,,14.51,1,14.75,1,R,N,N,840489,0,0,A,C
20140304,9:39:24.526,N,HZO,,14.51,1,14.69,1,R,N,N,840490,0,0,A,C
20140304,9:39:24.550,J,HZO,,13.42,1,14.66,1,R,J,J,840493,0,0,,C
20140304,9:39:24.678,T,HZO,,14.44,1,14.76,1,R,T,T,840589,0,0,,C
20140304,9:39:24.678,Z,HZO,,14.44,1,14.76,1,R,Z,Z,840590,0,0,,C
20140304,9:39:25.583,P,HZO,,14.5,2,14.69,1,R,P,P,841366,0,0,,C
20140304,9:39:25.583,N,HZO,,14.51,1,14.69,2,R,N,N,841367,0,0,A,C
20140304,9:39:25.585,N,HZO,,14.51,1,14.65,1,R,N,N,841370,1,0,A,C
20140304,9:39:25.590,J,HZO,,13.42,1,15.69,1,R,J,J,841382,0,0,,C
20140304,9:39:25.592,J,HZO,,13.42,1,14.65,1,R,J,J,841386,0,0,,C
20140304,9:39:25.594,J,HZO,,13.42,1,15.69,1,R,J,J,841388,0,0,,C
20140304,9:39:25.737,T,HZO,,14.44,1,14.72,1,R,T,T,841526,0,0,,C
20140304,9:39:25.737,Z,HZO,,14.44,1,14.72,1,R,Z,Z,841527,0,0,,C
20140304,9:39:25.755,K,HZO,,14.46,1,14.66,1,R,K,K,841584,0,0,,C
20140304,9:39:26.428,B,HZO,,0,0,0,0,R,B,B,842489,0,0,,C
20140304,9:39:26.442,N,HZO,,14.5,1,14.65,1,R,N,N,842502,6,0,A,C
20140304,9:39:26.443,T,HZO,,14.44,1,14.72,1,R,T,T,842506,0,0,A,C
20140304,9:39:26.443,T,HZO,,14.5,1,14.72,1,R,T,T,842508,0,0,A,C
20140304,9:39:26.449,J,HZO,,13.42,1,14.65,1,R,J,J,842509,0,0,,C
20140304,9:39:26.474,P,HZO,,14.51,1,14.69,1,R,P,P,842516,6,0,,C
20140304,9:39:26.475,T,HZO,,14.5,1,14.72,1,R,T,T,842517,0,0,,C
20140304,9:39:26.475,T,HZO,,14.44,1,14.72,1,R,T,T,842518,0,0,,C
20140304,9:39:26.478,J,HZO,,13.42,1,15.69,1,R,J,J,842519,0,0,,C
20140304,9:39:26.478,N,HZO,,14.51,1,14.65,1,R,N,N,842521,0,0,A,C
20140304,9:39:27.476,T,HZO,,14.44,1,14.72,1,R,T,T,843133,0,0,A,C
20140304,9:39:30.044,W,HZO,,14.15,1,14.85,1,R,W,W,845882,0,0,,C
20140304,9:39:32.447,K,HZO,,14.51,1,14.66,1,R,K,K,848775,0,0,,C
20140304,9:39:33.374,P,HZO,,14.51,2,14.69,1,R,P,P,850031,6,0,,C
20140304,9:39:33.376,N,HZO,,14.52,1,14.65,1,R,N,N,850032,1,0,A,C
20140304,9:39:33.377,T,HZO,,14.44,1,14.72,1,R,T,T,850033,0,0,,C
20140304,9:39:35.235,P,HZO,,14.51,1,14.69,1,R,P,P,852377,0,0,,C
20140304,9:39:35.273,B,HZO,,14.52,1,0,0,R,B,B,852446,0,0,,C
20140304,9:39:35.287,N,HZO,,14.53,1,14.65,1,R,N,N,852460,1,0,A,C
20140304,9:39:35.291,W,HZO,,14.14,1,14.86,1,R,W,W,852463,0,0,,C
20140304,9:39:35.424,T,HZO,,14.48,1,14.72,1,R,T,T,852587,0,0,,C
20140304,9:39:35.424,Z,HZO,,14.48,1,14.72,1,R,Z,Z,852588,0,0,,C
20140304,9:39:36.306,W,HZO,,14.15,1,14.88,1,R,W,W,853548,0,0,,C
20140304,9:39:37.599,B,HZO,,0,0,0,0,R,B,B,854942,0,0,,C
20140304,9:39:37.604,N,HZO,,14.52,1,14.65,1,R,N,N,854991,1,0,A,C
20140304,9:39:37.606,T,HZO,,14.44,1,14.72,1,R,T,T,855000,0,0,,C
20140304,9:39:37.606,Z,HZO,,14.44,1,14.72,1,R,Z,Z,855001,0,0,,C
20140304,9:39:37.606,P,HZO,,14.51,1,14.65,1,R,P,P,855006,0,0,,C
20140304,9:39:37.607,N,HZO,,14.52,1,14.65,2,R,N,N,855008,1,0,A,C
20140304,9:39:37.632,N,HZO,,14.45,1,14.65,2,R,N,N,855100,6,0,A,C
20140304,9:39:37.634,N,HZO,,14.46,1,14.65,2,R,N,N,855106,0,0,A,C
20140304,9:39:37.639,J,HZO,,13.42,1,14.65,1,R,J,J,855111,0,0,,C
20140304,9:39:37.644,B,HZO,,14.53,1,0,0,R,B,B,855112,6,0,,C
20140304,9:39:37.649,J,HZO,,13.42,1,15.69,1,R,J,J,855125,0,0,,C
20140304,9:39:37.652,K,HZO,,14.46,1,14.66,1,R,K,K,855128,0,0,,C
20140304,9:39:37.695,N,HZO,,14.53,1,14.65,2,R,N,N,855156,0,0,A,C
20140304,9:39:37.788,K,HZO,,14.48,1,14.66,1,R,K,K,855338,0,0,,C
20140304,9:39:37.795,T,HZO,,14.48,1,14.72,1,R,T,T,855349,0,0,,C
20140304,9:39:37.795,Z,HZO,,14.48,1,14.72,1,R,Z,Z,855350,0,0,,C
20140304,9:39:37.796,P,HZO,,14.51,1,14.66,1,R,P,P,855351,0,0,,C
20140304,9:39:37.796,N,HZO,,14.53,1,14.65,1,R,N,N,855352,6,0,A,C
20140304,9:39:37.799,P,HZO,,14.51,1,14.67,1,R,P,P,855360,0,0,,C
20140304,9:39:38.399,P,HZO,,14.51,1,14.68,1,R,P,P,856028,0,0,,C
20140304,9:39:38.601,T,HZO,,14.48,1,14.72,1,R,T,T,856297,0,0,A,C
20140304,9:39:42.032,N,HZO,,14.54,1,14.65,1,R,N,N,862183,1,0,A,C
20140304,9:39:42.033,T,HZO,,14.48,1,14.72,1,R,T,T,862186,0,0,,C
20140304,9:39:42.037,W,HZO,,14.14,1,14.89,1,R,W,W,862191,0,0,,C
20140304,9:39:44.083,B,HZO,,0,0,0,0,R,B,B,864674,0,0,,C
20140304,9:39:44.122,J,HZO,,14.54,1,15.69,1,R,J,J,864737,0,0,,C
20140304,9:39:44.125,N,HZO,,14.54,1,14.68,1,R,N,N,864770,6,0,A,C
20140304,9:39:44.126,P,HZO,,14.51,1,14.7,1,R,P,P,864782,0,0,,C
20140304,9:39:44.127,N,HZO,,14.54,1,14.7,1,R,N,N,864785,0,0,A,C
20140304,9:39:44.127,P,HZO,,14.54,1,14.7,1,R,P,P,864789,0,0,,C
20140304,9:39:44.128,P,HZO,,14.54,1,14.73,1,R,P,P,864801,0,0,,C
20140304,9:39:44.128,T,HZO,,14.48,1,15.17,1,R,T,T,864803,0,0,,C
20140304,9:39:44.128,Z,HZO,,14.48,1,14.82,1,R,Z,Z,864804,0,0,,C
20140304,9:39:44.128,N,HZO,,14.54,1,14.73,1,R,N,N,864805,0,0,A,C
20140304,9:39:44.128,N,HZO,,14.54,1,14.65,1,R,N,N,864809,6,0,A,C
20140304,9:39:44.129,P,HZO,,14.54,1,14.78,1,R,P,P,864814,0,0,,C
20140304,9:39:44.129,Z,HZO,,14.48,1,14.84,1,R,Z,Z,864815,0,0,,C
20140304,9:39:44.135,Y,HZO,,14.2,2,14.93,2,R,Y,Y,864839,0,0,A,C
20140304,9:39:44.135,Y,HZO,,14.2,2,14.93,2,R,Y,Y,864841,0,0,A,C
20140304,9:39:44.280,T,HZO,,14.48,1,14.76,1,R,T,T,864980,0,0,,C
20140304,9:39:44.280,Z,HZO,,14.48,1,14.76,1,R,Z,Z,864981,0,0,,C
20140304,9:39:45.101,T,HZO,,14.48,1,14.76,1,R,T,T,865976,0,0,A,C
20140304,9:39:48.562,P,HZO,,14.56,1,14.78,1,R,P,P,872998,6,0,,C
20140304,9:39:48.562,N,HZO,,14.56,1,14.65,1,R,N,N,873004,0,0,A,C
20140304,9:39:48.563,T,HZO,,14.48,1,14.76,1,R,T,T,873008,0,0,,C
20140304,9:39:48.565,P,HZO,,14.56,2,14.78,1,R,P,P,873011,6,0,,C
20140304,9:39:48.565,P,HZO,,14.56,3,14.78,1,R,P,P,873014,6,0,,C
20140304,9:39:48.714,T,HZO,,14.52,1,14.76,1,R,T,T,873413,0,0,,C
20140304,9:39:48.714,Z,HZO,,14.52,1,14.76,1,R,Z,Z,873415,0,0,,C
20140304,9:39:49.069,N,HZO,,14.56,1,14.77,1,R,N,N,873996,6,0,A,C
20140304,9:39:49.070,P,HZO,,14.56,2,14.78,1,R,P,P,873997,6,0,,C
20140304,9:39:49.070,P,HZO,,14.56,2,14.76,1,R,P,P,873998,0,0,,C
20140304,9:39:49.070,T,HZO,,14.52,1,15.17,1,R,T,T,873999,0,0,,C
20140304,9:39:49.070,N,HZO,,14.56,1,14.76,1,R,N,N,874000,0,0,A,C
20140304,9:39:49.070,Z,HZO,,14.52,1,14.87,1,R,Z,Z,874001,0,0,,C
20140304,9:39:49.070,N,HZO,,14.52,1,14.76,1,R,N,N,874002,0,0,A,C
20140304,9:39:49.071,P,HZO,,14.56,2,14.78,1,R,P,P,874003,0,0,,C
20140304,9:39:49.072,N,HZO,,14.52,1,14.77,1,R,N,N,874004,0,0,A,C
20140304,9:39:49.072,N,HZO,,14.53,1,14.77,1,R,N,N,874005,0,0,A,C
20140304,9:39:49.080,N,HZO,,14.53,1,14.65,1,R,N,N,874007,6,0,A,C
20140304,9:39:49.231,T,HZO,,14.52,1,14.76,1,R,T,T,874187,0,0,,C
20140304,9:39:49.231,Z,HZO,,14.52,1,14.76,1,R,Z,Z,874188,0,0,,C
20140304,9:39:49.576,T,HZO,,14.52,1,14.76,1,R,T,T,874483,0,0,A,C
20140304,9:39:50.900,J,HZO,,13.42,1,15.69,1,R,J,J,876471,0,0,,C
20140304,9:39:50.938,B,HZO,,14.56,1,0,0,R,B,B,876532,0,0,,C
20140304,9:39:52.818,K,HZO,,14.51,1,14.66,1,R,K,K,878383,0,0,,C
20140304,9:40:00.043,W,HZO,,14.15,1,14.88,1,R,W,W,894058,0,0,,C
20140304,9:40:00.300,W,HZO,,14.16,1,14.87,1,R,W,W,894901,0,0,,C
20140304,9:40:01.107,N,HZO,,14.53,1,14.77,1,R,N,N,900823,6,0,A,C
20140304,9:40:01.107,N,HZO,,14.56,1,14.77,1,R,N,N,900835,0,0,A,C
20140304,9:40:01.108,P,HZO,,14.56,2,14.76,1,R,P,P,900863,0,0,,C
20140304,9:40:01.108,T,HZO,,14.52,1,15.17,1,R,T,T,900870,0,0,A,C
20140304,9:40:01.108,Z,HZO,,14.52,1,14.84,1,R,Z,Z,900882,0,0,,C
20140304,9:40:01.108,N,HZO,,14.56,1,14.76,1,R,N,N,900883,0,0,A,C
20140304,9:40:01.110,P,HZO,,14.56,2,14.78,1,R,P,P,900940,0,0,,C
20140304,9:40:01.110,N,HZO,,14.56,1,14.77,1,R,N,N,900943,0,0,A,C
20140304,9:40:01.110,Z,HZO,,14.52,1,14.81,1,R,Z,Z,900948,0,0,,C
20140304,9:40:01.111,N,HZO,,14.56,1,14.75,1,R,N,N,900958,0,0,A,C
20140304,9:40:01.161,N,HZO,,14.52,1,14.75,1,R,N,N,901204,0,0,A,C
20140304,9:40:01.236,P,HZO,,14.56,2,14.75,1,R,P,P,901638,0,0,,C
20140304,9:40:01.236,N,HZO,,14.52,1,14.75,2,R,N,N,901640,0,0,A,C
20140304,9:40:01.263,T,HZO,,14.52,1,14.8,1,R,T,T,901731,0,0,A,C
20140304,9:40:01.263,Z,HZO,,14.52,1,14.8,1,R,Z,Z,901732,0,0,,C
20140304,9:40:01.539,T,HZO,,14.56,1,14.8,1,R,T,T,902190,0,0,A,C
20140304,9:40:01.541,N,HZO,,14.53,1,14.75,2,R,N,N,902195,0,0,A,C
20140304,9:40:04.653,P,HZO,,14.56,2,14.75,2,R,P,P,907206,0,0,,C
20140304,9:40:05.322,N,HZO,,14.53,1,14.65,1,R,N,N,907830,6,0,A,C
20140304,9:40:05.322,P,HZO,,14.58,1,14.75,2,R,P,P,907831,6,0,,C
20140304,9:40:05.323,N,HZO,,14.58,1,14.65,1,R,N,N,907832,0,0,A,C
20140304,9:40:05.323,T,HZO,,14.56,1,14.8,1,R,T,T,907833,0,0,,C
20140304,9:40:05.473,T,HZO,,14.56,1,14.76,1,R,T,T,907943,0,0,,C
20140304,9:40:05.473,Z,HZO,,14.52,1,14.76,1,R,Z,Z,907945,0,0,,C
20140304,9:40:06.326,T,HZO,,14.56,1,14.76,1,R,T,T,909771,0,0,A,C
20140304,9:40:06.647,P,HZO,,14.56,2,14.75,2,R,P,P,910517,6,0,,C
20140304,9:40:06.648,T,HZO,,14.56,1,14.76,1,R,T,T,910518,0,0,,C
20140304,9:40:07.481,B,HZO,,0,0,0,0,R,B,B,911404,0,0,,C
20140304,9:40:07.522,B,HZO,,14.58,1,0,0,R,B,B,911442,0,0,,C
20140304,9:40:07.651,T,HZO,,14.56,1,14.76,1,R,T,T,911674,0,0,A,C
20140304,9:40:07.853,K,HZO,,14.53,1,14.66,1,R,K,K,912404,0,0,,C
20140304,9:40:23.164,P,HZO,,14.56,1,14.75,2,R,P,P,939269,0,0,,C
20140304,9:40:23.164,P,HZO,,14.28,1,14.75,2,R,P,P,939270,0,0,,C
20140304,9:40:23.165,P,HZO,,14.58,1,14.75,2,R,P,P,939273,0,0,,C
20140304,9:40:23.166,P,HZO,,14.58,2,14.75,2,R,P,P,939274,6,0,,C
20140304,9:40:23.167,W,HZO,,14.19,1,14.85,1,R,W,W,939275,0,0,,C
20140304,9:40:23.174,P,HZO,,14.58,2,14.65,1,R,P,P,939278,0,0,,C
20140304,9:40:23.176,P,HZO,,14.58,2,14.75,2,R,P,P,939281,0,0,,C
20140304,9:40:23.197,P,HZO,,14.58,2,14.65,1,R,P,P,939320,0,0,,C
20140304,9:40:23.199,P,HZO,,14.58,2,14.75,2,R,P,P,939321,0,0,,C
20140304,9:40:23.235,N,HZO,,14.58,1,14.64,1,R,N,N,939341,6,0,A,C
20140304,9:40:23.387,T,HZO,,14.56,1,14.72,1,R,T,T,939490,0,0,A,C
20140304,9:40:23.387,Z,HZO,,14.52,1,14.72,1,R,Z,Z,939491,0,0,,C
20140304,9:40:36.276,W,HZO,,14.31,1,15,1,R,W,W,959026,0,0,,C
20140304,9:41:00.043,W,HZO,,14.23,1,15.08,1,R,W,W,1009004,0,0,,C
20140304,9:41:18.380,T,HZO,,14.56,1,14.69,1,R,T,T,1035185,0,0,A,C
20140304,9:41:18.380,P,HZO,,14.58,2,14.69,1,R,P,P,1035186,0,0,,C
20140304,9:41:23.625,N,HZO,,14.52,1,14.64,1,R,N,N,1045680,0,0,A,C
20140304,9:41:23.628,N,HZO,,14.52,1,14.65,1,R,N,N,1045681,6,0,A,C
20140304,9:41:23.630,N,HZO,,14.53,1,14.65,1,R,N,N,1045683,0,0,A,C
20140304,9:41:23.640,N,HZO,,14.53,1,14.75,1,R,N,N,1045691,6,0,A,C
20140304,9:41:23.641,Z,HZO,,14.52,1,14.8,1,R,Z,Z,1045695,0,0,,C
20140304,9:41:23.652,N,HZO,,14.59,1,14.75,1,R,N,N,1045805,6,0,A,C
20140304,9:41:23.653,T,HZO,,14.56,1,14.69,1,R,T,T,1045816,0,0,,C
20140304,9:41:23.661,J,HZO,,13.56,1,15.69,1,R,J,J,1045847,0,0,,C
20140304,9:41:23.662,P,HZO,,14.58,1,14.69,1,R,P,P,1045850,0,0,,C
20140304,9:41:23.662,P,HZO,,14.28,1,14.69,1,R,P,P,1045851,0,0,,C
20140304,9:41:23.664,P,HZO,,14.59,1,14.69,1,R,P,P,1045853,0,0,,C
20140304,9:41:23.664,P,HZO,,14.59,2,14.69,1,R,P,P,1045854,6,0,,C
20140304,9:41:23.676,B,HZO,,14.59,1,0,0,R,B,B,1045865,0,0,,C
20140304,9:41:23.696,Y,HZO,,14.2,2,14.93,2,R,Y,Y,1045915,0,0,A,C
20140304,9:41:23.697,N,HZO,,14.59,1,14.75,1,R,N,N,1045917,0,0,A,C
20140304,9:41:23.701,N,HZO,,14.52,1,14.75,1,R,N,N,1045940,0,0,A,C
20140304,9:41:23.701,N,HZO,,14.6,1,14.75,1,R,N,N,1045943,6,0,A,C
20140304,9:41:23.792,Z,HZO,,14.52,1,14.76,1,R,Z,Z,1046436,0,0,,C
20140304,9:41:24.092,T,HZO,,14.52,1,14.69,1,R,T,T,1047013,0,0,,C
20140304,9:41:26.142,Y,HZO,,14.2,2,14.93,2,R,Y,Y,1049737,0,0,A,C
20140304,9:41:26.142,N,HZO,,14.6,1,14.75,1,R,N,N,1049738,0,0,A,C
20140304,9:41:26.180,B,HZO,,14.6,1,0,0,R,B,B,1049752,0,0,,C
20140304,9:41:26.330,T,HZO,,14.56,1,14.69,1,R,T,T,1049815,0,0,,C
20140304,9:41:26.330,Z,HZO,,14.56,1,14.76,1,R,Z,Z,1049816,0,0,,C
20140304,9:41:27.201,T,HZO,,14.56,1,14.69,1,R,T,T,1050636,0,0,A,C
20140304,9:41:30.040,Y,HZO,,14.2,2,14.93,2,R,Y,Y,1055227,0,0,A,C
20140304,9:41:30.040,N,HZO,,14.6,1,14.75,1,R,N,N,1055228,6,0,A,C
20140304,9:41:30.045,W,HZO,,14.27,1,15.03,1,R,W,W,1055235,0,0,,C
20140304,9:41:30.138,Y,HZO,,14.2,2,14.93,2,R,Y,Y,1055602,0,0,A,C
20140304,9:41:30.280,N,HZO,,14.6,1,14.75,1,R,N,N,1055883,0,0,A,C
20140304,9:41:38.024,K,HZO,,14.55,1,14.66,1,R,K,K,1066813,0,0,,C
20140304,9:41:38.685,P,HZO,,14.6,1,14.69,1,R,P,P,1067558,0,0,,C
20140304,9:41:39.119,B,HZO,,14.61,1,0,0,R,B,B,1067908,6,0,,C
20140304,9:41:39.120,T,HZO,,14.56,1,14.69,1,R,T,T,1067909,0,0,,C
20140304,9:41:39.140,N,HZO,,14.56,1,14.75,1,R,N,N,1067913,0,0,A,C
20140304,9:41:39.140,N,HZO,,14.61,1,14.75,1,R,N,N,1067914,0,0,A,C
20140304,9:41:39.159,K,HZO,,14.55,1,15.69,1,R,K,K,1067930,6,0,,C
20140304,9:41:39.159,Y,HZO,,14.2,2,14.93,2,R,Y,Y,1067931,0,0,A,C
20140304,9:41:39.160,N,HZO,,14.61,1,14.75,1,R,N,N,1067932,0,0,A,C
20140304,9:41:40.135,T,HZO,,14.56,1,14.69,1,R,T,T,1068881,0,0,A,C
20140304,9:41:40.198,Y,HZO,,14.2,2,14.93,2,R,Y,Y,1068920,0,0,A,C
20140304,9:41:41.238,Y,HZO,,14.61,1,14.93,2,R,Y,Y,1069879,0,0,A,C
20140304,9:41:43.848,N,HZO,,14.56,1,14.75,1,R,N,N,1072445,0,0,A,C
20140304,9:41:43.849,B,HZO,,0,0,0,0,R,B,B,1072446,6,0,,C
20140304,9:41:43.850,N,HZO,,14.57,1,14.75,1,R,N,N,1072447,0,0,A,C
20140304,9:41:45.692,N,HZO,,14.61,1,14.75,1,R,N,N,1075905,0,0,A,C
20140304,9:41:45.694,N,HZO,,14.61,1,14.76,2,R,N,N,1075910,0,0,A,C
20140304,9:41:46.684,P,HZO,,14.59,2,14.69,1,R,P,P,1076752,6,0,,C
20140304,9:41:48.060,K,HZO,,14.56,1,15.69,1,R,K,K,1078853,0,0,,C
20140304,9:41:52.009,N,HZO,,14.62,1,14.76,2,R,N,N,1088099,6,0,A,C
20140304,9:41:52.010,T,HZO,,14.56,1,14.69,1,R,T,T,1088102,6,0,,C
20140304,9:41:52.042,B,HZO,,14.62,1,0,0,R,B,B,1088132,0,0,,C
20140304,9:41:53.051,T,HZO,,14.56,1,14.69,1,R,T,T,1089825,0,0,A,C
20140304,9:41:54.726,B,HZO,,0,0,0,0,R,B,B,1092856,0,0,,C
20140304,9:41:54.727,T,HZO,,14.56,1,14.69,1,R,T,T,1092861,0,0,,C
20140304,9:41:54.727,N,HZO,,14.61,1,14.76,2,R,N,N,1092862,6,0,A,C
20140304,9:41:54.727,T,HZO,,14.56,1,14.68,1,R,T,T,1092864,6,0,,C
20140304,9:41:54.728,P,HZO,,14.28,1,14.69,1,R,P,P,1092870,0,0,,C
20140304,9:41:54.728,Y,HZO,,14.2,2,14.93,2,R,Y,Y,1092873,6,0,A,C
20140304,9:41:54.729,N,HZO,,14.56,1,14.76,2,R,N,N,1092878,6,0,A,C
20140304,9:41:54.729,T,HZO,,14.15,1,14.68,1,R,T,T,1092879,0,0,,C
20140304,9:41:54.729,Z,HZO,,14.31,1,14.76,1,R,Z,Z,1092880,6,0,,C
20140304,9:41:54.729,T,HZO,,14.15,1,14.67,1,R,T,T,1092881,6,0,,C
20140304,9:41:54.729,P,HZO,,14.61,1,14.66,1,R,P,P,1092882,1,0,,C
20140304,9:41:54.729,T,HZO,,14.15,1,14.67,2,R,T,T,1092883,0,0,,C
20140304,9:41:54.729,T,HZO,,14.01,1,14.67,2,R,T,T,1092884,0,0,,C
20140304,9:41:54.729,T,HZO,,13.99,1,14.67,2,R,T,T,1092885,0,0,,C
20140304,9:41:54.729,N,HZO,,14.45,7,14.76,2,R,N,N,1092886,0,0,A,C
20140304,9:41:54.730,T,HZO,,13.99,1,14.66,1,R,T,T,1092887,0,0,,C
20140304,9:41:54.730,P,HZO,,14.28,1,14.66,1,R,P,P,1092888,6,0,,C
20140304,9:41:54.730,T,HZO,,13.99,1,14.65,1,R,T,T,1092889,6,0,,C
20140304,9:41:54.730,Z,HZO,,14.28,1,14.76,1,R,Z,Z,1092891,0,0,,C
20140304,9:41:54.731,N,HZO,,14.46,1,14.76,2,R,N,N,1092892,0,0,A,C
20140304,9:41:54.732,W,HZO,,14.25,1,15.03,1,R,W,W,1092893,0,0,,C
20140304,9:41:54.733,K,HZO,,13.75,10,15.69,1,R,K,K,1092894,6,0,,C
20140304,9:41:54.733,P,HZO,,14.28,1,14.61,1,R,P,P,1092895,6,0,,C
20140304,9:41:54.733,P,HZO,,14.26,1,14.61,1,R,P,P,1092896,0,0,,C
20140304,9:41:54.737,P,HZO,,14.46,1,14.61,1,R,P,P,1092897,0,0,,C
20140304,9:41:54.737,P,HZO,,14.46,2,14.61,1,R,P,P,1092898,1,0,,C
20140304,9:41:54.739,N,HZO,,14.46,1,14.62,1,R,N,N,1092899,0,0,A,C
20140304,9:41:54.739,N,HZO,,14.47,1,14.62,1,R,N,N,1092901,6,0,A,C
20140304,9:41:54.739,J,HZO,,14.46,1,15.69,1,R,J,J,1092904,0,0,,C
20140304,9:41:54.741,T,HZO,,13.99,1,14.62,1,R,T,T,1092907,0,0,,C
20140304,9:41:54.742,P,HZO,,14.46,2,14.69,1,R,P,P,1092908,6,0,,C
20140304,9:41:54.743,P,HZO,,14.46,2,14.61,1,R,P,P,1092910,6,0,,C
20140304,9:41:54.743,T,HZO,,13.99,1,14.65,1,R,T,T,1092911,0,0,,C
20140304,9:41:54.746,N,HZO,,14.48,1,14.62,1,R,N,N,1092912,6,0,A,C
20140304,9:41:54.748,N,HZO,,14.48,1,14.62,1,R,N,N,1092913,0,0,A,C
20140304,9:41:54.760,P,HZO,,14.48,1,14.61,1,R,P,P,1092932,0,0,,C
20140304,9:41:54.761,T,HZO,,14.48,1,14.65,1,R,T,T,1092935,0,0,,C
20140304,9:41:54.764,P,HZO,,14.48,2,14.61,1,R,P,P,1092941,1,0,,C
20140304,9:41:54.767,J,HZO,,13.56,1,15.69,1,R,J,J,1092944,0,0,,C
20140304,9:41:54.768,N,HZO,,14.48,1,14.76,2,R,N,N,1092945,0,0,A,C
20140304,9:41:54.768,N,HZO,,14.49,1,14.76,2,R,N,N,1092946,6,0,A,C
20140304,9:41:54.769,N,HZO,,14.49,1,14.76,2,R,N,N,1092947,0,0,A,C
20140304,9:41:54.769,Y,HZO,,14.47,1,14.93,2,R,Y,Y,1092948,0,0,A,C
20140304,9:41:54.771,K,HZO,,14.41,1,15.69,1,R,K,K,1092950,0,0,,C
20140304,9:41:54.792,P,HZO,,14.49,1,14.61,1,R,P,P,1092977,0,0,,C
20140304,9:41:54.796,Y,HZO,,14.2,2,14.93,2,R,Y,Y,1092978,0,0,A,C
20140304,9:41:54.798,Y,HZO,,14.49,1,14.93,2,R,Y,Y,1092980,0,0,A,C
20140304,9:41:54.803,N,HZO,,14.5,1,14.76,2,R,N,N,1092986,6,0,A,C
20140304,9:41:54.823,T,HZO,,14.48,1,14.67,1,R,T,T,1092994,0,0,,C
20140304,9:41:54.825,Y,HZO,,14.2,2,14.93,2,R,Y,Y,1092995,0,0,A,C
20140304,9:41:54.884,T,HZO,,14.48,1,14.69,1,R,T,T,1093011,0,0,,C
20140304,9:41:54.884,P,HZO,,14.49,1,14.69,1,R,P,P,1093012,6,0,,C
20140304,9:41:54.884,P,HZO,,14.57,1,14.69,1,R,P,P,1093014,6,0,,C
20140304,9:41:54.885,T,HZO,,14.51,1,14.69,1,R,T,T,1093015,6,0,,C
20140304,9:41:54.885,P,HZO,,14.57,1,14.61,1,R,P,P,1093016,1,0,,C
20140304,9:41:54.885,P,HZO,,14.57,1,14.69,1,R,P,P,1093021,6,0,,C
20140304,9:41:54.885,N,HZO,,14.5,1,14.69,1,R,N,N,1093024,0,0,A,C
20140304,9:41:54.887,N,HZO,,14.5,1,14.76,2,R,N,N,1093027,0,0,A,C
20140304,9:41:54.887,P,HZO,,14.57,2,14.61,1,R,P,P,1093029,1,0,,C
20140304,9:41:54.887,T,HZO,,14.57,1,14.69,1,R,T,T,1093030,0,0,,C
20140304,9:41:54.888,N,HZO,,14.5,1,14.69,1,R,N,N,1093031,0,0,A,C
20140304,9:41:54.890,Y,HZO,,14.5,1,14.93,2,R,Y,Y,1093033,0,0,A,C
20140304,9:41:54.891,N,HZO,,14.5,1,14.76,2,R,N,N,1093034,0,0,A,C
20140304,9:41:54.891,Y,HZO,,14.2,2,14.93,2,R,Y,Y,1093035,0,0,A,C
20140304,9:41:54.895,N,HZO,,14.49,1,14.76,2,R,N,N,1093038,0,0,A,C
20140304,9:41:54.895,N,HZO,,14.45,2,14.76,2,R,N,N,1093039,0,0,A,C
20140304,9:41:55.034,P,HZO,,14.57,1,14.61,1,R,P,P,1093353,6,0,,C
20140304,9:41:55.035,N,HZO,,14.45,2,14.69,1,R,N,N,1093355,0,0,A,C
20140304,9:41:55.036,N,HZO,,14.46,1,14.69,1,R,N,N,1093356,0,0,A,C
20140304,9:41:55.037,Z,HZO,,14.52,1,14.76,1,R,Z,Z,1093357,0,0,,C
20140304,9:41:55.038,N,HZO,,14.52,1,14.69,1,R,N,N,1093358,0,0,A,C
20140304,9:41:55.038,Z,HZO,,14.52,1,14.72,1,R,Z,Z,1093359,0,0,,C
20140304,9:41:55.805,T,HZO,,14.57,1,14.69,1,R,T,T,1094459,6,0,A,C
20140304,9:41:56.295,B,HZO,,14.57,1,0,0,R,B,B,1095633,0,0,,C
20140304,9:41:56.497,N,HZO,,14.57,1,14.69,1,R,N,N,1095802,0,0,A,C
20140304,9:41:56.499,N,HZO,,14.57,1,14.72,1,R,N,N,1095804,0,0,A,C
20140304,9:41:59.091,K,HZO,,14.52,1,15.69,1,R,K,K,1098845,0,0,,C
20140304,9:41:59.230,P,HZO,,14.57,1,14.69,2,R,P,P,1099052,6,0,,C
20140304,9:41:59.231,N,HZO,,14.52,1,14.72,1,R,N,N,1099054,0,0,A,C
20140304,9:41:59.231,N,HZO,,14.58,1,14.72,1,R,N,N,1099055,6,0,A,C
20140304,9:41:59.232,Z,HZO,,14.52,1,14.76,1,R,Z,Z,1099056,0,0,,C
20140304,9:41:59.232,N,HZO,,14.58,1,14.72,1,R,N,N,1099057,0,0,A,C
20140304,9:41:59.232,N,HZO,,14.58,1,14.76,2,R,N,N,1099058,0,0,A,C
20140304,9:41:59.232,T,HZO,,14.57,1,14.69,1,R,T,T,1099059,0,0,,C
20140304,9:41:59.233,N,HZO,,14.58,1,14.76,2,R,N,N,1099060,0,0,A,C
20140304,9:41:59.234,N,HZO,,14.58,1,14.69,1,R,N,N,1099061,0,0,A,C
20140304,9:41:59.234,P,HZO,,14.57,1,14.69,1,R,P,P,1099063,6,0,,C
20140304,9:41:59.235,W,HZO,,14.21,1,15.07,1,R,W,W,1099064,0,0,,C
20140304,9:41:59.236,N,HZO,,14.58,1,14.76,2,R,N,N,1099065,0,0,A,C
20140304,9:41:59.347,B,HZO,,14.58,1,0,0,R,B,B,1099120,0,0,,C
20140304,9:42:00.351,T,HZO,,14.57,1,14.69,1,R,T,T,1100342,6,0,A,C
20140304,9:42:00.501,N,HZO,,14.58,1,14.69,1,R,N,N,1100420,6,0,A,C
20140304,9:42:01.291,N,HZO,,14.58,2,14.69,1,R,N,N,1100921,6,0,A,C
20140304,9:42:14.123,K,HZO,,14.53,1,15.69,1,R,K,K,1122434,0,0,,C
20140304,9:42:14.124,P,HZO,,14.58,1,14.69,1,R,P,P,1122436,6,0,,C
20140304,9:42:26.751,N,HZO,,14.58,1,14.69,1,R,N,N,1138017,6,0,A,C
20140304,9:42:26.752,P,HZO,,14.57,1,14.69,1,R,P,P,1138025,0,0,,C
20140304,9:42:26.752,N,HZO,,14.58,1,14.68,1,R,N,N,1138029,6,0,A,C
20140304,9:42:26.753,N,HZO,,14.58,1,14.68,2,R,N,N,1138033,6,0,A,C
20140304,9:42:26.755,T,HZO,,14.57,1,14.68,1,R,T,T,1138046,0,0,A,C
20140304,9:42:26.756,N,HZO,,14.58,1,14.68,2,R,N,N,1138056,0,0,A,C
20140304,9:42:26.756,N,HZO,,14.58,1,14.68,1,R,N,N,1138057,6,0,A,C
20140304,9:42:26.758,P,HZO,,14.5,2,14.69,1,R,P,P,1138074,0,0,,C
20140304,9:42:26.758,T,HZO,,14.52,1,14.68,1,R,T,T,1138085,6,0,A,C
20140304,9:42:26.759,N,HZO,,14.58,1,14.69,1,R,N,N,1138093,6,0,A,C
20140304,9:42:26.759,T,HZO,,14.52,1,14.69,1,R,T,T,1138094,6,0,A,C
20140304,9:42:26.759,T,HZO,,14.52,1,14.68,1,R,T,T,1138098,6,0,A,C
20140304,9:42:26.759,P,HZO,,14.58,1,14.69,1,R,P,P,1138099,0,0,,C
20140304,9:42:26.762,T,HZO,,14.52,1,14.69,1,R,T,T,1138107,6,0,A,C
20140304,9:42:26.762,N,HZO,,14.58,1,14.69,2,R,N,N,1138108,6,0,A,C
20140304,9:42:26.770,P,HZO,,14.58,1,14.69,2,R,P,P,1138159,0,0,,C
20140304,9:42:26.772,P,HZO,,14.58,1,14.69,1,R,P,P,1138161,0,0,,C
20140304,9:42:26.794,P,HZO,,14.58,1,14.69,2,R,P,P,1138198,0,0,,C
20140304,9:42:26.796,P,HZO,,14.58,1,14.69,1,R,P,P,1138199,0,0,,C
20140304,9:42:26.799,N,HZO,,14.58,1,14.68,1,R,N,N,1138202,6,0,A,C
20140304,9:42:26.801,T,HZO,,14.52,1,14.68,1,R,T,T,1138214,0,0,A,C
20140304,9:42:26.835,N,HZO,,14.58,1,14.67,1,R,N,N,1138268,6,0,A,C
20140304,9:42:26.838,T,HZO,,14.52,1,14.67,1,R,T,T,1138269,0,0,A,C
20140304,9:42:26.952,Z,HZO,,14.52,1,14.72,1,R,Z,Z,1138392,0,0,,C
20140304,9:42:27.832,P,HZO,,14.58,1,14.67,1,R,P,P,1139433,0,0,,C
20140304,9:42:27.834,N,HZO,,14.58,1,14.67,1,R,N,N,1139440,6,0,A,C
20140304,9:42:27.853,N,HZO,,14.58,1,14.66,1,R,N,N,1139449,6,0,A,C
20140304,9:42:27.854,B,HZO,,0,0,0,0,R,B,B,1139450,6,0,,C
20140304,9:42:27.855,T,HZO,,14.52,1,14.66,1,R,T,T,1139452,0,0,A,C
20140304,9:42:35.652,N,HZO,,14.58,1,14.66,1,R,N,N,1154815,6,0,A,C
20140304,9:42:36.277,W,HZO,,14.17,1,15.09,1,R,W,W,1155961,0,0,,C
20140304,9:42:42.206,N,HZO,,14.58,2,14.66,1,R,N,N,1162655,6,0,A,C
20140304,9:42:42.209,T,HZO,,14.52,1,14.69,1,R,T,T,1162656,6,0,A,C
20140304,9:42:42.209,N,HZO,,14.58,2,14.67,1,R,N,N,1162657,6,0,A,C
20140304,9:42:42.211,W,HZO,,14.2,1,15.06,1,R,W,W,1162658,0,0,,C
20140304,9:43:23.363,T,HZO,,14.52,1,14.67,2,R,T,T,1211057,6,0,A,C
20140304,9:43:35.974,P,HZO,,14.58,1,14.69,1,R,P,P,1222647,0,0,,C
20140304,9:43:37.557,T,HZO,,14.58,1,14.67,2,R,T,T,1225559,0,0,A,C
20140304,9:43:37.558,T,HZO,,14.58,1,14.69,1,R,T,T,1225560,6,0,A,C
20140304,9:43:37.561,N,HZO,,14.58,2,14.72,1,R,N,N,1225564,6,0,A,C
20140304,9:43:37.562,T,HZO,,14.59,1,14.69,1,R,T,T,1225565,6,0,A,C
20140304,9:43:37.562,T,HZO,,14.59,1,14.69,1,R,T,T,1225566,0,0,,C
20140304,9:43:37.562,Z,HZO,,14.52,1,14.76,1,R,Z,Z,1225567,0,0,,C
20140304,9:43:37.562,N,HZO,,14.58,2,14.72,1,R,N,N,1225568,0,0,A,C
20140304,9:43:37.564,P,HZO,,14.5,2,14.69,1,R,P,P,1225570,6,0,,C
20140304,9:43:37.564,N,HZO,,14.58,2,14.74,1,R,N,N,1225571,0,0,A,C
20140304,9:43:37.566,P,HZO,,14.59,1,14.69,1,R,P,P,1225572,0,0,,C
20140304,9:43:37.566,N,HZO,,14.58,2,14.73,1,R,N,N,1225573,0,0,A,C
20140304,9:43:37.648,K,HZO,,14.58,1,15.69,1,R,K,K,1225643,0,0,,C
20140304,9:43:37.709,T,HZO,,14.52,1,14.69,1,R,T,T,1225688,6,0,,C
20140304,9:43:37.709,N,HZO,,14.58,2,14.69,1,R,N,N,1225689,0,0,A,C
20140304,9:43:37.712,N,HZO,,14.58,2,14.68,2,R,N,N,1225691,6,0,A,C
20140304,9:43:37.714,N,HZO,,14.58,2,14.69,3,R,N,N,1225692,6,0,A,C
20140304,9:43:38.576,T,HZO,,14.52,1,14.69,1,R,T,T,1226600,0,0,A,C
20140304,9:43:39.351,N,HZO,,14.58,1,14.69,3,R,N,N,1227658,0,0,A,C
20140304,9:43:39.353,N,HZO,,14.58,1,14.69,3,R,N,N,1227659,0,0,A,C
20140304,9:43:39.354,T,HZO,,14.52,1,14.68,2,R,T,T,1227660,6,0,A,C
20140304,9:43:39.354,N,HZO,,14.58,1,14.69,1,R,N,N,1227661,0,0,A,C
20140304,9:43:39.354,N,HZO,,14.58,1,14.74,1,R,N,N,1227664,0,0,A,C
20140304,9:43:39.355,N,HZO,,14.58,1,14.68,1,R,N,N,1227665,0,0,A,C
20140304,9:43:39.395,B,HZO,,14.59,1,0,0,R,B,B,1227692,0,0,,C
20140304,9:43:39.397,N,HZO,,14.59,1,14.68,1,R,N,N,1227693,0,0,A,C
20140304,9:43:39.505,Z,HZO,,14.52,1,14.72,1,R,Z,Z,1227776,0,0,,C
20140304,9:43:49.330,N,HZO,,14.59,1,14.68,1,R,N,N,1239594,0,0,A,C
20140304,9:43:53.602,K,HZO,,14.59,1,15.69,1,R,K,K,1244043,0,0,,C
20140304,9:44:07.866,N,HZO,,14.58,1,14.68,1,R,N,N,1266357,0,0,A,C
20140304,9:44:08.045,P,HZO,,14.59,1,14.68,1,R,P,P,1266595,6,0,,C
20140304,9:44:30.273,K,HZO,,14.65,1,15.69,1,R,K,K,1294571,6,0,,C
20140304,9:44:30.273,N,HZO,,14.58,1,14.68,1,R,N,N,1294572,0,0,A,C
20140304,9:44:30.273,T,HZO,,14.52,1,14.68,2,R,T,T,1294573,0,0,,C
20140304,9:44:30.274,K,HZO,,14.59,1,15.69,1,R,K,K,1294574,6,0,,C
20140304,9:44:30.274,P,HZO,,14.5,2,14.68,1,R,P,P,1294575,0,0,,C
20140304,9:44:30.274,N,HZO,,14.58,1,14.68,1,R,N,N,1294576,0,0,,C
20140304,9:44:30.274,N,HZO,,14.58,1,14.68,1,R,N,N,1294577,0,0,A,C
20140304,9:44:30.275,Y,HZO,,14.2,1,14.93,2,R,Y,Y,1294578,0,0,A,C
20140304,9:44:30.275,Y,HZO,,13.56,1,14.93,2,R,Y,Y,1294579,0,0,A,C
20140304,9:44:30.275,Y,HZO,,13.56,1,14.93,1,R,Y,Y,1294580,0,0,A,C
20140304,9:44:30.275,Y,HZO,,13.56,1,15.69,1,R,Y,Y,1294581,0,0,A,C
20140304,9:44:30.276,Z,HZO,,14.65,1,14.72,1,R,Z,Z,1294582,6,0,,C
20140304,9:44:30.276,N,HZO,,14.58,1,14.68,1,R,N,N,1294583,0,0,A,C
20140304,9:44:30.276,P,HZO,,14.59,1,14.68,1,R,P,P,1294584,0,0,,C
20140304,9:44:30.276,N,HZO,,14.58,1,14.68,1,R,N,N,1294585,0,0,A,C
20140304,9:44:30.277,N,HZO,,14.58,1,14.68,1,R,N,N,1294586,0,0,,C
20140304,9:44:30.277,Z,HZO,,14.52,1,14.72,1,R,Z,Z,1294587,6,0,,C
20140304,9:44:30.277,P,HZO,,14.5,2,14.68,1,R,P,P,1294588,0,0,,C
20140304,9:44:30.277,N,HZO,,14.58,1,14.68,1,R,N,N,1294589,0,0,A,C
20140304,9:44:30.279,P,HZO,,14.5,2,14.69,1,R,P,P,1294590,0,0,,C
20140304,9:44:30.279,P,HZO,,14.59,1,14.69,1,R,P,P,1294591,0,0,,C
20140304,9:44:30.285,N,HZO,,14.58,1,14.68,1,R,N,N,1294596,0,0,A,C
20140304,9:44:30.299,Y,HZO,,14.29,1,15.69,1,R,Y,Y,1294613,0,0,A,C
20140304,9:44:30.300,Y,HZO,,14.29,1,14.98,1,R,Y,Y,1294614,0,0,A,C
20140304,9:44:30.357,Y,HZO,,14.29,2,14.98,1,R,Y,Y,1294678,0,0,A,C
20140304,9:44:30.357,Y,HZO,,14.29,2,14.98,2,R,Y,Y,1294679,0,0,A,C
20140304,9:44:30.368,P,HZO,,14.65,1,14.69,1,R,P,P,1294687,6,0,,C
20140304,9:44:30.369,P,HZO,,14.59,1,14.69,1,R,P,P,1294688,6,0,,C
20140304,9:44:30.370,N,HZO,,14.58,1,14.68,1,R,N,N,1294690,0,0,,C
20140304,9:44:30.370,P,HZO,,14.5,2,14.69,1,R,P,P,1294691,0,0,,C
20140304,9:44:30.370,N,HZO,,14.58,1,14.67,1,R,N,N,1294692,6,0,,C
20140304,9:44:30.370,Y,HZO,,14.29,2,14.98,2,R,Y,Y,1294693,0,0,A,C
20140304,9:44:30.370,N,HZO,,14.58,1,14.67,1,R,N,N,1294694,0,0,,C
20140304,9:44:30.372,K,HZO,,14.54,1,15.69,1,R,K,K,1294695,0,0,,C
20140304,9:44:30.372,P,HZO,,14.59,1,14.69,1,R,P,P,1294696,0,0,,C
20140304,9:44:30.372,N,HZO,,14.58,1,14.66,2,R,N,N,1294698,6,0,,C
20140304,9:44:30.372,T,HZO,,14.52,1,14.69,1,R,T,T,1294700,0,0,,C
20140304,9:44:30.373,N,HZO,,14.58,1,14.66,1,R,N,N,1294701,6,0,,C
20140304,9:44:30.375,N,HZO,,14.58,1,14.68,1,R,N,N,1294702,6,0,,C
20140304,9:44:30.375,T,HZO,,14.52,1,14.67,1,R,T,T,1294703,6,0,,C
20140304,9:44:30.377,T,HZO,,14.52,1,14.69,1,R,T,T,1294711,6,0,,C
20140304,9:44:30.377,T,HZO,,14.52,1,14.68,1,R,T,T,1294712,0,0,,C
20140304,9:44:30.377,Z,HZO,,14.52,1,14.76,1,R,Z,Z,1294713,0,0,,C
20140304,9:44:30.379,N,HZO,,14.59,1,14.68,1,R,N,N,1294718,6,0,,C
20140304,9:44:30.381,T,HZO,,14.52,1,14.69,1,R,T,T,1294727,6,0,,C
20140304,9:44:30.431,T,HZO,,14.52,1,14.68,1,R,T,T,1294750,0,0,,C
20140304,9:44:30.539,N,HZO,,14.58,1,14.68,1,R,N,N,1294833,6,0,,C
20140304,9:44:30.582,Z,HZO,,14.52,1,14.72,1,R,Z,Z,1294908,0,0,,C
20140304,9:44:31.276,Y,HZO,,14.29,2,14.98,2,R,Y,Y,1295560,0,0,A,C
20140304,9:44:31.276,T,HZO,,14.52,1,14.68,1,R,T,T,1295561,6,0,A,C
20140304,9:44:31.276,N,HZO,,14.58,1,14.68,1,R,N,N,1295563,6,0,A,C
20140304,9:44:36.274,N,HZO,,14.58,1,14.68,1,R,N,N,1303482,0,0,A,C
20140304,9:44:36.276,W,HZO,,14.2,1,15.1,1,R,W,W,1303484,0,0,,C
20140304,9:45:00.980,T,HZO,,14.52,1,14.68,2,R,T,T,1330213,6,0,A,C
20140304,9:45:00.981,N,HZO,,14.59,1,14.68,1,R,N,N,1330221,0,0,A,C
20140304,9:45:00.984,T,HZO,,14.52,1,14.68,1,R,T,T,1330225,6,0,A,C
20140304,9:45:04.331,K,HZO,,14.59,1,15.69,1,R,K,K,1341631,0,0,,C
20140304,9:45:08.294,N,HZO,,14.59,1,14.68,2,R,N,N,1348594,6,0,A,C
20140304,9:45:28.222,N,HZO,,14.59,1,14.68,1,R,N,N,1375201,6,0,A,C
20140304,9:45:28.223,X,HZO,,14.6,1,0,0,R,X,X,1375202,6,0,,C
20140304,9:45:28.223,T,HZO,,14.52,1,14.68,1,R,T,T,1375203,6,0,,C
20140304,9:45:28.223,N,HZO,,14.59,1,14.68,1,R,N,N,1375204,6,0,A,C
20140304,9:45:28.225,N,HZO,,14.58,1,14.68,1,R,N,N,1375205,0,0,A,C
20140304,9:45:28.225,P,HZO,,14.5,2,14.69,1,R,P,P,1375206,0,0,,C
20140304,9:45:28.225,N,HZO,,14.58,1,14.74,1,R,N,N,1375207,0,0,A,C
20140304,9:45:28.226,Z,HZO,,14.52,1,14.76,1,R,Z,Z,1375210,0,0,,C
20140304,9:45:28.226,N,HZO,,14.58,1,14.75,1,R,N,N,1375211,0,0,A,C
20140304,9:45:28.226,P,HZO,,14.6,1,14.69,1,R,P,P,1375212,0,0,,C
20140304,9:45:28.226,N,HZO,,14.58,1,14.73,1,R,N,N,1375214,0,0,A,C
20140304,9:45:28.227,B,HZO,,14.6,1,0,0,R,B,B,1375216,0,0,,C
20140304,9:45:28.228,W,HZO,,14.25,1,15.05,1,R,W,W,1375217,0,0,,C
20140304,9:45:28.241,N,HZO,,14.58,1,14.68,1,R,N,N,1375223,0,0,A,C
20140304,9:45:28.378,T,HZO,,14.56,1,14.68,1,R,T,T,1375268,6,0,,C
20140304,9:45:28.378,Z,HZO,,14.56,1,14.76,1,R,Z,Z,1375269,0,0,,C
20140304,9:45:28.393,Z,HZO,,14.56,1,14.72,1,R,Z,Z,1375290,0,0,,C
20140304,9:45:28.394,K,HZO,,14.54,1,15.69,1,R,K,K,1375292,0,0,,C
20140304,9:45:29.214,N,HZO,,14.58,1,14.68,1,R,N,N,1376180,6,0,A,C
20140304,9:45:29.216,N,HZO,,14.6,1,14.68,1,R,N,N,1376181,0,0,A,C
20140304,9:45:29.227,P,HZO,,14.6,1,14.68,1,R,P,P,1376195,0,0,,C
20140304,9:45:29.228,Z,HZO,,14.56,1,14.76,1,R,Z,Z,1376199,0,0,,C
20140304,9:45:29.229,T,HZO,,14.56,1,14.69,1,R,T,T,1376200,6,0,,C
20140304,9:45:29.229,T,HZO,,14.56,1,14.69,1,R,T,T,1376201,0,0,A,C
20140304,9:45:29.379,Z,HZO,,14.56,1,14.72,1,R,Z,Z,1376378,0,0,,C
20140304,9:45:29.543,K,HZO,,14.55,1,15.69,1,R,K,K,1376526,0,0,,C
20140304,9:45:30.028,N,HZO,,14.6,1,14.68,1,R,N,N,1376946,6,0,A,C
20140304,9:45:30.183,N,HZO,,14.6,1,14.68,1,R,N,N,1377304,0,0,A,C
20140304,9:45:30.466,B,HZO,,14.6,2,0,0,R,B,B,1377523,6,0,,C
20140304,9:45:33.223,X,HZO,,0,0,0,0,R,X,X,1379980,0,0,,C
20140304,9:45:33.226,N,HZO,,14.6,1,14.75,1,R,N,N,1379986,0,0,A,C
20140304,9:45:33.227,T,HZO,,14.61,1,14.69,1,R,T,T,1379988,6,0,A,C
20140304,9:45:33.227,T,HZO,,14.61,1,14.69,1,R,T,T,1379989,0,0,,C
20140304,9:45:33.227,N,HZO,,14.6,1,14.75,1,R,N,N,1379991,0,0,A,C
20140304,9:45:33.227,Z,HZO,,14.56,1,14.76,1,R,Z,Z,1379992,0,0,,C
20140304,9:45:33.228,N,HZO,,14.6,1,14.74,1,R,N,N,1379995,0,0,A,C
20140304,9:45:33.228,N,HZO,,14.58,1,14.74,1,R,N,N,1379996,0,0,A,C
20140304,9:45:33.374,T,HZO,,14.56,1,14.69,1,R,T,T,1380129,6,0,,C
20140304,9:45:33.401,P,HZO,,14.6,2,14.68,1,R,P,P,1380143,0,0,,C
20140304,9:45:33.401,N,HZO,,14.6,1,14.74,1,R,N,N,1380144,0,0,A,C
20140304,9:45:34.251,T,HZO,,14.56,1,14.69,1,R,T,T,1380792,0,0,A,C
20140304,9:45:34.272,P,HZO,,14.6,1,14.68,1,R,P,P,1380799,0,0,,C
20140304,9:45:34.273,N,HZO,,14.6,1,14.74,1,R,N,N,1380804,0,0,A,C
20140304,9:45:34.274,T,HZO,,14.6,1,14.69,1,R,T,T,1380805,0,0,A,C
20140304,9:45:37.694,Z,HZO,,14.56,2,14.76,1,R,Z,Z,1385645,0,0,,C
20140304,9:45:47.905,P,HZO,,14.6,2,14.68,1,R,P,P,1400204,0,0,,C
20140304,9:45:47.906,P,HZO,,14.6,1,14.68,1,R,P,P,1400206,0,0,,C
20140304,9:45:59.741,N,HZO,,14.61,1,14.74,1,R,N,N,1423677,6,0,A,C
20140304,9:45:59.742,P,HZO,,14.61,1,14.68,1,R,P,P,1423678,0,0,,C
20140304,9:45:59.742,T,HZO,,14.6,1,14.69,1,R,T,T,1423679,0,0,,C
20140304,9:45:59.743,T,HZO,,14.56,1,14.69,1,R,T,T,1423680,0,0,,C
20140304,9:45:59.743,B,HZO,,14.61,1,0,0,R,B,B,1423681,0,0,,C
20140304,9:45:59.745,P,HZO,,14.61,2,14.68,1,R,P,P,1423684,1,0,,C
20140304,9:46:00.424,T,HZO,,14.61,1,14.69,1,R,T,T,1426152,0,0,,C
20140304,9:46:00.751,T,HZO,,14.61,1,14.69,1,R,T,T,1427582,0,0,A,C
20140304,9:46:02.029,B,HZO,,14.61,2,0,0,R,B,B,1429263,0,0,,C
20140304,9:46:02.031,P,HZO,,14.61,2,14.69,1,R,P,P,1429267,6,0,,C
20140304,9:46:02.031,P,HZO,,14.62,1,14.69,1,R,P,P,1429268,6,0,,C
20140304,9:46:02.032,N,HZO,,14.62,1,14.74,1,R,N,N,1429269,0,0,A,C
20140304,9:46:02.032,T,HZO,,14.62,1,14.69,1,R,T,T,1429270,6,0,A,C
20140304,9:46:02.032,T,HZO,,14.62,1,14.69,1,R,T,T,1429271,0,0,,C
20140304,9:46:02.032,Y,HZO,,14.29,2,14.98,2,R,Y,Y,1429272,0,0,A,C
20140304,9:46:02.032,N,HZO,,14.62,1,14.74,1,R,N,N,1429273,0,0,A,C
20140304,9:46:02.184,T,HZO,,14.56,1,14.69,1,R,T,T,1429765,0,0,,C
20140304,9:46:02.185,P,HZO,,14.61,2,14.69,1,R,P,P,1429766,6,0,,C
20140304,9:46:03.051,T,HZO,,14.56,1,14.69,1,R,T,T,1432148,6,0,A,C
20140304,9:46:03.915,B,HZO,,14.61,1,0,0,R,B,B,1433221,0,0,,C
20140304,9:46:03.916,Y,HZO,,14.29,2,14.98,2,R,Y,Y,1433222,0,0,A,C
20140304,9:46:03.916,N,HZO,,14.62,1,14.74,1,R,N,N,1433223,0,0,A,C
20140304,9:46:03.954,P,HZO,,14.62,1,14.69,1,R,P,P,1433243,6,0,,C
20140304,9:46:07.169,N,HZO,,14.58,1,14.74,1,R,N,N,1438130,6,0,A,C
20140304,9:46:07.170,N,HZO,,14.59,1,14.74,1,R,N,N,1438133,0,0,A,C
20140304,9:46:12.631,K,HZO,,14.57,1,15.69,1,R,K,K,1443318,0,0,,C
20140304,9:46:29.662,N,HZO,,14.59,1,14.69,3,R,N,N,1471308,6,0,A,C
20140304,9:46:29.665,Y,HZO,,14.29,2,14.98,2,R,Y,Y,1471330,0,0,A,C
20140304,9:46:29.665,N,HZO,,14.59,1,14.69,3,R,N,N,1471331,0,0,A,C
20140304,9:46:29.700,B,HZO,,0,0,0,0,R,B,B,1471371,0,0,,C
20140304,9:46:33.635,P,HZO,,14.62,2,14.69,1,R,P,P,1476019,6,0,,C
20140304,9:46:36.287,W,HZO,,14.27,1,15.09,1,R,W,W,1478710,0,0,,C
20140304,9:46:37.694,Z,HZO,,14.56,1,14.76,1,R,Z,Z,1479991,0,0,,C
20140304,9:46:37.695,T,HZO,,14.56,2,14.69,1,R,T,T,1479992,0,0,A,C
20140304,9:47:16.327,N,HZO,,14.59,1,14.69,1,R,N,N,1532573,6,0,A,C
20140304,9:47:16.327,Z,HZO,,14.56,1,14.69,1,R,Z,Z,1532575,0,0,,C
20140304,9:47:16.328,Z,HZO,,14.56,1,14.76,1,R,Z,Z,1532576,0,0,,C
20140304,9:47:16.328,N,HZO,,14.59,1,14.76,1,R,N,N,1532577,0,0,A,C
20140304,9:47:16.328,Z,HZO,,14.56,1,14.69,1,R,Z,Z,1532579,0,0,,C
20140304,9:47:16.328,N,HZO,,14.59,1,14.69,1,R,N,N,1532580,0,0,A,C
20140304,9:47:16.329,P,HZO,,14.62,2,14.69,2,R,P,P,1532581,1,0,,C
20140304,9:47:16.330,W,HZO,,14.31,1,15.05,1,R,W,W,1532582,0,0,,C
20140304,9:47:17.813,N,HZO,,14.59,1,14.69,2,R,N,N,1533687,0,0,A,C
20140304,9:48:01.909,W,HZO,,14.33,1,15.08,1,R,W,W,1591921,0,0,,C
20140304,9:48:37.695,T,HZO,,14.56,1,14.69,1,R,T,T,1637838,0,0,A,C
20140304,9:48:37.695,Z,HZO,,14.56,2,14.69,1,R,Z,Z,1637839,0,0,,C
20140304,9:48:50.245,N,HZO,,14.59,1,14.76,1,R,N,N,1658101,0,0,A,C
20140304,9:48:50.245,T,HZO,,14.63,1,14.69,1,R,T,T,1658102,6,0,A,C
20140304,9:48:50.245,T,HZO,,14.63,1,14.69,1,R,T,T,1658103,0,0,,C
20140304,9:48:50.246,N,HZO,,14.62,1,14.76,1,R,N,N,1658104,0,0,A,C
20140304,9:48:50.246,N,HZO,,14.62,1,14.75,1,R,N,N,1658105,0,0,A,C
20140304,9:48:50.247,P,HZO,,14.62,1,14.69,2,R,P,P,1658106,0,0,,C
20140304,9:48:50.255,K,HZO,,14.63,1,15.69,1,R,K,K,1658117,0,0,,C
20140304,9:48:50.301,N,HZO,,14.58,1,14.75,1,R,N,N,1658143,0,0,A,C
20140304,9:48:50.393,T,HZO,,14.56,1,14.69,1,R,T,T,1658156,6,0,,C
20140304,9:48:50.547,N,HZO,,14.59,1,14.75,1,R,N,N,1658386,0,0,A,C
20140304,9:48:50.900,K,HZO,,14.57,1,15.69,1,R,K,K,1658837,6,0,,C
20140304,9:48:50.900,Y,HZO,,14.29,2,14.98,2,R,Y,Y,1658840,0,0,A,C
20140304,9:48:51.251,T,HZO,,14.56,1,14.69,1,R,T,T,1659285,0,0,A,C
20140304,9:48:51.579,N,HZO,,14.59,1,14.69,1,R,N,N,1660392,0,0,A,C
20140304,9:48:55.637,N,HZO,,14.59,2,14.69,1,R,N,N,1667552,0,0,A,C
20140304,9:49:21.463,N,HZO,,14.59,1,14.69,1,R,N,N,1698878,0,0,A,C
20140304,9:49:30.172,Y,HZO,,14.29,2,14.98,2,R,Y,Y,1710252,0,0,A,C
20140304,9:49:36.262,W,HZO,,14.34,1,15.08,1,R,W,W,1718701,0,0,,C
20140304,9:49:36.317,P,HZO,,14.62,1,14.69,3,R,P,P,1718824,1,0,,C
20140304,9:49:36.319,P,HZO,,14.62,1,14.69,2,R,P,P,1718828,1,0,,C
20140304,9:49:36.346,P,HZO,,14.62,1,14.69,3,R,P,P,1718851,1,0,,C
20140304,9:49:36.347,P,HZO,,14.62,1,14.69,2,R,P,P,1718852,1,0,,C
20140304,9:49:36.382,N,HZO,,14.59,1,14.68,1,R,N,N,1718882,6,0,A,C
20140304,9:49:36.383,Z,HZO,,14.56,2,14.68,1,R,Z,Z,1718883,0,0,,C
20140304,9:49:36.383,N,HZO,,14.59,1,14.68,2,R,N,N,1718884,6,0,A,C
20140304,9:49:36.383,Z,HZO,,14.56,2,14.69,1,R,Z,Z,1718888,0,0,,C
20140304,9:49:36.383,P,HZO,,14.62,1,14.69,1,R,P,P,1718891,0,0,,C
20140304,9:49:36.383,N,HZO,,14.59,1,14.68,1,R,N,N,1718893,6,0,A,C
20140304,9:49:36.383,Z,HZO,,14.56,2,14.68,1,R,Z,Z,1718895,0,0,,C
20140304,9:49:36.384,Z,HZO,,14.56,2,14.69,1,R,Z,Z,1718899,0,0,,C
20140304,9:49:36.386,P,HZO,,14.62,1,14.68,1,R,P,P,1718900,0,0,,C
20140304,9:49:36.435,Y,HZO,,14.29,2,14.98,2,R,Y,Y,1719081,0,0,A,C
20140304,9:49:37.695,Z,HZO,,14.56,1,14.69,1,R,Z,Z,1724215,0,0,,C
20140304,9:49:37.696,N,HZO,,14.59,1,14.68,1,R,N,N,1724216,6,0,A,C
20140304,9:49:37.696,T,HZO,,14.56,2,14.69,1,R,T,T,1724217,0,0,A,C
20140304,9:49:38.479,Z,HZO,,14.56,1,14.68,1,R,Z,Z,1726089,0,0,,C
20140304,9:49:38.480,N,HZO,,14.59,1,14.68,2,R,N,N,1726090,6,0,A,C
20140304,9:49:41.250,N,HZO,,14.59,1,14.68,1,R,N,N,1732018,6,0,A,C
20140304,9:49:56.957,N,HZO,,14.59,2,14.68,1,R,N,N,1759479,0,0,A,C
20140304,9:50:01.959,W,HZO,,14.33,1,15.08,1,R,W,W,1771798,0,0,,C
20140304,9:50:24.161,N,HZO,,14.59,2,14.72,1,R,N,N,1803963,0,0,A,C
20140304,9:50:24.162,T,HZO,,14.63,1,14.69,1,R,T,T,1803964,6,0,A,C
20140304,9:50:24.162,T,HZO,,14.63,1,14.69,1,R,T,T,1803965,0,0,,C
20140304,9:50:24.162,N,HZO,,14.59,2,14.72,1,R,N,N,1803966,0,0,A,C
