symbol,DATE,TIME_M,EX,TR_SCOND,SIZE,PRICE
ITG,20140304,8:01:09.760,P,T,100,16.78
ITG,20140304,8:01:09.780,P,T,550,16.78
ITG,20140304,9:30:01.515,N,O,3718,17.16
ITG,20140304,9:30:04.127,D,@,100,17.1025
ITG,20140304,9:31:11.255,N,@,100,17.18
ITG,20140304,9:31:11.255,N,@,100,17.19
ITG,20140304,9:31:11.256,N,@,100,17.19
ITG,20140304,9:31:46.073,P,Q,42,17.2
ITG,20140304,9:31:46.073,T,@,100,17.2
ITG,20140304,9:31:46.073,P,I,42,17.2
ITG,20140304,9:31:46.073,T,Q,100,17.2
ITG,20140304,9:31:46.073,K,@,100,17.2
ITG,20140304,9:31:46.074,K,F,400,17.2
ITG,20140304,9:31:46.170,D,@,100,17.19
ITG,20140304,9:31:48.572,N,@,100,17.24
ITG,20140304,9:31:52.428,D,@,100,17.225
ITG,20140304,9:31:52.430,D,@,200,17.225
ITG,20140304,9:31:54.925,D,I,7,17.25
ITG,20140304,9:32:01.092,D,@,100,17.23
ITG,20140304,9:32:02.766,D,@,200,17.235
ITG,20140304,9:32:02.767,D,@,100,17.235
ITG,20140304,9:32:04.464,N,F,100,17.24
ITG,20140304,9:32:04.467,D,@,100,17.24
ITG,20140304,9:32:04.482,T,@,100,17.24
ITG,20140304,9:32:06.213,K,@,100,17.25
ITG,20140304,9:32:06.213,K,@,1150,17.25
ITG,20140304,9:32:06.330,D,@,100,17.25
ITG,20140304,9:32:20.893,B,@,100,17.36
ITG,20140304,9:32:20.894,D,@,100,17.315
ITG,20140304,9:32:20.906,D,@,100,17.38
ITG,20140304,9:32:22.424,D,@,100,17.375
ITG,20140304,9:32:33.064,P,I,12,17.37
ITG,20140304,9:32:55.756,B,@,100,17.36
ITG,20140304,9:32:55.757,D,@,100,17.31
ITG,20140304,9:32:55.758,N,@,100,17.35
ITG,20140304,9:33:10.982,N,F,100,17.35
ITG,20140304,9:33:25.089,P,@,100,17.35
ITG,20140304,9:33:30.539,N,@,100,17.36
ITG,20140304,9:33:40.449,D,@,100,17.315
ITG,20140304,9:33:40.458,P,F,100,17.36
ITG,20140304,9:33:40.458,K,F,100,17.36
ITG,20140304,9:33:40.458,K,F,200,17.36
ITG,20140304,9:33:40.479,P,F,100,17.36
ITG,20140304,9:33:40.536,Z,F,100,17.4
ITG,20140304,9:33:40.537,Z,F,800,17.4
ITG,20140304,9:33:40.537,Z,@,100,17.4
ITG,20140304,9:33:40.589,N,F,100,17.36
ITG,20140304,9:33:40.592,P,@,100,17.41
ITG,20140304,9:33:40.592,P,I,12,17.41
ITG,20140304,9:33:40.592,P,I,88,17.41
ITG,20140304,9:33:40.601,Z,@,100,17.41
ITG,20140304,9:33:40.602,B,I,88,17.41
ITG,20140304,9:33:41.008,Z,I,99,17.41
ITG,20140304,9:33:46.009,B,F,120,17.4
ITG,20140304,9:34:22.026,T,@,100,17.435
ITG,20140304,9:34:33.007,Z,@,100,17.435
ITG,20140304,9:34:33.007,J,@,100,17.43
ITG,20140304,9:34:33.007,T,@,100,17.43
ITG,20140304,9:34:33.008,Z,@,100,17.43
ITG,20140304,9:34:33.008,K,I,99,17.43
ITG,20140304,9:34:33.008,Z,I,70,17.43
ITG,20140304,9:34:33.009,K,I,1,17.43
ITG,20140304,9:34:45.255,N,@,100,17.42
ITG,20140304,9:35:00.893,D,I,7,17.4
ITG,20140304,9:35:13.005,Z,F,400,17.415
ITG,20140304,9:35:13.005,Z,F,100,17.4
ITG,20140304,9:35:13.006,Z,@,900,17.4
ITG,20140304,9:35:13.006,N,@,100,17.4
ITG,20140304,9:35:13.007,D,@,100,17.415
ITG,20140304,9:35:13.007,D,@,100,17.415
ITG,20140304,9:35:13.007,Z,@,900,17.4
ITG,20140304,9:35:13.007,Z,I,54,17.4
ITG,20140304,9:35:13.008,Z,F,100,17.41
ITG,20140304,9:35:13.009,D,@,100,17.415
ITG,20140304,9:35:13.009,D,@,100,17.415
ITG,20140304,9:35:13.012,D,@,100,17.415
ITG,20140304,9:35:13.014,D,@,100,17.4
ITG,20140304,9:35:13.015,T,@,100,17.42
ITG,20140304,9:35:13.016,D,@,100,17.4
ITG,20140304,9:35:13.020,Z,@,100,17.42
ITG,20140304,9:35:13.023,N,@,200,17.43
ITG,20140304,9:35:13.060,T,@,200,17.46
ITG,20140304,9:35:13.217,D,@,100,17.42
ITG,20140304,9:35:13.280,D,@,100,17.45
ITG,20140304,9:35:49.803,N,@,100,17.43
ITG,20140304,9:35:49.803,N,@,200,17.42
ITG,20140304,9:35:49.804,B,I,50,17.43
ITG,20140304,9:35:49.804,B,@,100,17.42
ITG,20140304,9:36:05.225,N,@,100,17.44
ITG,20140304,9:36:05.225,T,@,100,17.43
ITG,20140304,9:36:47.301,B,F I,25,17.44
ITG,20140304,9:36:47.307,N,F I,75,17.45
ITG,20140304,9:36:54.267,N,I,2,17.45
ITG,20140304,9:36:59.279,N,I,23,17.45
ITG,20140304,9:37:02.565,T,F I,1,17.45
ITG,20140304,9:37:05.824,N,F,100,17.46
ITG,20140304,9:37:05.825,T,F I,24,17.45
ITG,20140304,9:37:05.825,T,F I,22,17.46
ITG,20140304,9:37:05.825,T,F I,76,17.46
ITG,20140304,9:37:05.825,T,F I,24,17.46
ITG,20140304,9:37:05.825,P,F,100,17.47
ITG,20140304,9:37:05.929,D,@,100,17.46
ITG,20140304,9:37:40.377,B,@,100,17.52
ITG,20140304,9:37:40.476,D,@,100,17.52
ITG,20140304,9:37:42.415,D,@,100,17.52
ITG,20140304,9:37:51.897,P,@,100,17.51
ITG,20140304,9:37:55.168,Y,F,100,17.5
ITG,20140304,9:37:55.168,Z,I,42,17.5
ITG,20140304,9:37:55.168,Z,I,58,17.5
ITG,20140304,9:37:55.168,T,I,71,17.5
ITG,20140304,9:37:55.168,T,I,29,17.5
ITG,20140304,9:37:55.168,N,I,82,17.5
ITG,20140304,9:37:55.168,N,I,18,17.5
ITG,20140304,9:38:10.542,J,F,100,17.46
ITG,20140304,9:38:25.413,N,@,200,17.46
ITG,20140304,9:38:47.038,N,@,100,17.47
ITG,20140304,9:38:47.039,Z,@,100,17.48
ITG,20140304,9:38:47.039,Z,I,1,17.47
ITG,20140304,9:38:47.039,Z,@,100,17.47
ITG,20140304,9:38:47.040,T,F I,24,17.46
ITG,20140304,9:38:47.040,T,F I,76,17.46
ITG,20140304,9:38:47.050,D,@,100,17.46
ITG,20140304,9:40:00.939,Z,@,100,17.49
ITG,20140304,9:40:05.799,Z,F,100,17.49
ITG,20140304,9:40:30.895,N,@,100,17.51
ITG,20140304,9:40:53.412,B,F I,22,17.46
ITG,20140304,9:40:53.412,B,F I,78,17.46
ITG,20140304,9:40:53.412,B,F I,22,17.46
ITG,20140304,9:40:53.412,T,I,14,17.46
ITG,20140304,9:40:53.412,B,F I,78,17.46
ITG,20140304,9:40:53.412,T,F I,46,17.46
ITG,20140304,9:40:53.415,T,@,100,17.465
ITG,20140304,9:40:58.878,T,I,40,17.46
ITG,20140304,9:42:24.617,P,@,100,17.48
ITG,20140304,9:42:24.620,N,@,100,17.5
ITG,20140304,9:42:24.621,N,@,100,17.5
ITG,20140304,9:42:24.730,D,@,100,17.48
ITG,20140304,9:42:48.551,N,F,200,17.5
ITG,20140304,9:42:48.705,N,F,100,17.5
ITG,20140304,9:43:27.746,T,@,100,17.54
ITG,20140304,9:43:27.747,N,@,100,17.54
ITG,20140304,9:43:27.748,T,F I,22,17.54
ITG,20140304,9:43:27.748,T,F I,78,17.54
ITG,20140304,9:43:27.748,T,F,100,17.54
ITG,20140304,9:43:30.006,N,@,100,17.54
ITG,20140304,9:43:34.993,N,@,300,17.56
ITG,20140304,9:43:34.993,T,@,100,17.55
ITG,20140304,9:43:45.519,B,F,100,17.56
ITG,20140304,9:43:45.519,B,F,200,17.56
ITG,20140304,9:43:45.519,T,F,100,17.57
ITG,20140304,9:43:45.519,Y,F,100,17.56
ITG,20140304,9:43:45.519,N,F,100,17.57
ITG,20140304,9:43:45.992,B,@,100,17.56
ITG,20140304,9:43:53.577,D,@,100,17.615
ITG,20140304,9:43:54.442,T,F,100,17.61
ITG,20140304,9:44:09.326,B,F,100,17.58
ITG,20140304,9:44:09.326,Z,F I,3,17.58
ITG,20140304,9:44:09.326,Z,F I,97,17.58
ITG,20140304,9:44:09.330,D,@,100,17.581
ITG,20140304,9:44:09.345,D,@,100,17.583
ITG,20140304,9:44:09.345,D,@,300,17.586
ITG,20140304,9:45:16.846,T,F,100,17.62
ITG,20140304,9:45:16.846,P,F,100,17.62
ITG,20140304,9:45:16.855,J,F I,44,17.62
ITG,20140304,9:45:21.435,Y,F,100,17.64
ITG,20140304,9:45:21.435,B,F,100,17.64
ITG,20140304,9:45:21.435,B,F,100,17.63
ITG,20140304,9:45:21.436,N,F,200,17.64
ITG,20140304,9:45:22.088,B,@,100,17.63
ITG,20140304,9:45:22.088,T,F,100,17.63
ITG,20140304,9:45:29.351,B,F,100,17.62
ITG,20140304,9:45:29.352,N,F I,3,17.62
ITG,20140304,9:45:29.352,N,I,97,17.62
ITG,20140304,9:45:29.353,T,F I,3,17.6
ITG,20140304,9:45:29.354,T,F I,97,17.6
ITG,20140304,9:45:29.354,D,F,100,17.62
ITG,20140304,9:45:33.981,P,@,100,17.615
ITG,20140304,9:45:43.753,B,F,100,17.58
ITG,20140304,9:45:43.753,N,@,100,17.58
ITG,20140304,9:45:43.755,N,F I,3,17.57
ITG,20140304,9:46:16.141,D,F,100,17.59
ITG,20140304,9:46:16.805,D,F,100,17.59
ITG,20140304,9:46:16.818,D,@,294,17.6
ITG,20140304,9:46:51.822,D,@,1000,17.599
ITG,20140304,9:46:54.685,T,@,100,17.6
ITG,20140304,9:46:54.685,P,F,100,17.6
ITG,20140304,9:46:55.862,D,F,100,17.65
ITG,20140304,9:47:32.139,N,@,100,17.63
ITG,20140304,9:47:45.772,T,@,100,17.63
ITG,20140304,9:48:27.164,T,@,100,17.62
ITG,20140304,9:48:27.164,P,F,100,17.62
ITG,20140304,9:48:27.164,P,F,100,17.62
ITG,20140304,9:48:27.164,N,@,100,17.62
ITG,20140304,9:48:35.203,Z,F,100,17.66
ITG,20140304,9:49:06.716,T,@,100,17.66
ITG,20140304,9:49:22.192,D,@,200,17.67
ITG,20140304,9:49:37.425,D,I,2,17.64
ITG,20140304,9:50:10.058,P,F,100,17.67
ITG,20140304,9:50:10.062,P,@,100,17.67
ITG,20140304,9:50:10.062,Z,@,100,17.67
ITG,20140304,9:50:17.232,D,@,200,17.71
ITG,20140304,9:51:12.254,N,@,100,17.7
ITG,20140304,9:51:18.847,N,@,200,17.7
ITG,20140304,9:51:18.848,Z,I,92,17.7
ITG,20140304,9:51:18.848,Z,@,100,17.7
ITG,20140304,9:51:18.848,K,F I,16,17.7
ITG,20140304,9:51:18.848,K,I,84,17.7
ITG,20140304,9:51:32.236,T,F,100,17.69
ITG,20140304,9:51:32.236,P,I,5,17.69
ITG,20140304,9:51:32.236,T,@,100,17.69
ITG,20140304,9:51:32.236,N,F,100,17.69
ITG,20140304,9:51:39.668,Z,@,100,17.69
ITG,20140304,9:51:56.160,D,@,100,17.6899
ITG,20140304,9:51:56.167,D,@,465,17.6899
ITG,20140304,9:53:11.007,T,I,99,17.68
ITG,20140304,9:53:11.007,T,F I,1,17.68
ITG,20140304,9:53:11.007,N,@,300,17.68
ITG,20140304,9:53:11.007,Z,@,100,17.685
ITG,20140304,9:53:11.063,D,@,100,17.685
ITG,20140304,9:53:12.507,T,F,100,17.67
ITG,20140304,9:53:12.507,N,F,100,17.67
ITG,20140304,9:53:12.625,T,F I,21,17.66
ITG,20140304,9:53:13.482,D,@,500,17.6378
ITG,20140304,9:53:14.007,P,F I,3,17.65
ITG,20140304,9:53:30.463,J,@,100,17.66
ITG,20140304,9:53:30.486,N,@,100,17.67
ITG,20140304,9:54:31.050,D,@,100,17.67
ITG,20140304,9:54:41.094,P,F,100,17.67
ITG,20140304,9:54:41.095,T,F I,23,17.67
ITG,20140304,9:55:35.194,N,F I,24,17.69
ITG,20140304,9:55:35.194,N,F,400,17.69
ITG,20140304,9:55:35.195,N,@,1776,17.69
ITG,20140304,9:55:35.196,K,F,132,17.7
ITG,20140304,9:55:35.219,D,@,100,17.69
ITG,20140304,9:55:41.420,D,@,200,17.75
ITG,20140304,9:55:41.479,D,@,100,17.75
ITG,20140304,9:55:51.722,D,@,100,17.75
ITG,20140304,9:56:12.082,D,@,100,17.75
ITG,20140304,9:56:35.246,N,@,200,17.74
ITG,20140304,9:56:52.175,N,F,100,17.74
ITG,20140304,9:56:55.482,Z,@,100,17.75
ITG,20140304,9:56:55.482,K,@,334,17.75
ITG,20140304,9:56:55.484,K,@,1666,17.75
ITG,20140304,9:56:55.484,T,F I,30,17.77
ITG,20140304,9:56:55.485,T,F I,70,17.78
ITG,20140304,9:56:55.485,T,F,130,17.78
ITG,20140304,9:56:55.485,T,F,100,17.78
ITG,20140304,9:56:55.492,W,F,100,17.78
ITG,20140304,9:56:55.596,D,@,100,17.75
ITG,20140304,9:56:56.701,D,@,100,17.75
ITG,20140304,9:57:05.325,N,@,100,17.78
ITG,20140304,9:57:10.080,D,@,100,17.79
ITG,20140304,9:57:29.328,Z,F I,50,17.76
ITG,20140304,9:57:29.328,Z,F I,50,17.75
ITG,20140304,9:57:29.328,Z,F I,50,17.75
ITG,20140304,9:57:29.328,B,F,100,17.76
ITG,20140304,9:57:29.328,B,F,200,17.75
ITG,20140304,9:57:29.328,Z,F I,25,17.76
ITG,20140304,9:57:29.328,N,F,100,17.75
ITG,20140304,9:57:29.329,T,F I,30,17.72
ITG,20140304,9:57:29.429,B,F I,45,17.7
ITG,20140304,9:58:10.716,P,@,100,17.76
ITG,20140304,9:58:50.090,N,F I,92,17.79
ITG,20140304,9:59:05.141,N,F,100,17.79
ITG,20140304,9:59:07.362,K,F,300,17.8
ITG,20140304,9:59:07.362,K,F,200,17.8
ITG,20140304,9:59:07.383,D,@,100,17.8
ITG,20140304,9:59:08.245,T,@,100,17.8
ITG,20140304,9:59:19.799,N,@,200,17.8
ITG,20140304,9:59:19.799,T,@,100,17.8
ITG,20140304,9:59:22.744,B,@,100,17.82
ITG,20140304,9:59:29.681,Z,F,100,17.8
ITG,20140304,9:59:29.939,K,F,100,17.76
ITG,20140304,9:59:29.939,Z,F I,26,17.77
ITG,20140304,9:59:29.940,T,F I,36,17.76
ITG,20140304,9:59:30.816,T,F,100,17.76
ITG,20140304,9:59:30.816,T,F,100,17.76
ITG,20140304,9:59:30.816,T,F I,51,17.76
ITG,20140304,9:59:30.816,T,I,49,17.76
ITG,20140304,9:59:30.818,T,@,100,17.76
ITG,20140304,9:59:31.633,T,I,64,17.76
ITG,20140304,9:59:31.650,B,I,36,17.82
ITG,20140304,9:59:36.037,B,@,100,17.82
ITG,20140304,9:59:43.873,B,@,100,17.82
ITG,20140304,9:59:43.873,B,@,100,17.82
ITG,20140304,9:59:43.873,B,I,80,17.82
ITG,20140304,10:00:06.630,J,F,100,17.82
ITG,20140304,10:00:06.630,J,F,100,17.82
ITG,20140304,10:00:06.630,N,F,200,17.82
ITG,20140304,10:00:06.631,T,F,100,17.82
ITG,20140304,10:00:06.633,Y,@,100,17.82
ITG,20140304,10:00:10.081,P,@,100,17.87
ITG,20140304,10:00:10.081,P,@,100,17.87
ITG,20140304,10:00:15.231,D,@,100,17.87
ITG,20140304,10:00:37.382,T,@,100,17.83
ITG,20140304,10:00:37.382,B,@,167,17.83
ITG,20140304,10:00:37.382,B,F I,33,17.83
ITG,20140304,10:00:37.382,Z,@,100,17.83
ITG,20140304,10:01:19.210,T,@,100,17.83
ITG,20140304,10:01:22.657,T,F,100,17.81
ITG,20140304,10:01:26.746,N,I,50,17.81
ITG,20140304,10:01:26.746,N,@,100,17.78
ITG,20140304,10:01:26.746,P,I,3,17.78
ITG,20140304,10:01:54.294,T,F I,56,17.76
ITG,20140304,10:02:21.464,N,F,200,17.77
ITG,20140304,10:02:35.606,N,@,100,17.8
ITG,20140304,10:02:35.707,N,@,100,17.79
ITG,20140304,10:02:40.748,B,F,100,17.78
ITG,20140304,10:02:40.748,T,F,100,17.79
ITG,20140304,10:02:40.748,B,F I,67,17.77
ITG,20140304,10:02:40.749,N,F,100,17.78
ITG,20140304,10:02:40.749,B,F I,33,17.77
ITG,20140304,10:02:40.749,Z,@,100,17.78
ITG,20140304,10:02:58.260,N,@,100,17.76
ITG,20140304,10:02:58.261,T,@,100,17.76
ITG,20140304,10:02:58.261,Z,@,100,17.76
ITG,20140304,10:03:00.162,D,@,300,17.7999
ITG,20140304,10:03:52.733,N,I,35,17.77
ITG,20140304,10:03:52.734,B,F,100,17.75
ITG,20140304,10:03:52.734,T,F I,67,17.75
ITG,20140304,10:03:52.734,T,F I,33,17.75
ITG,20140304,10:03:52.734,T,F I,42,17.75
ITG,20140304,10:03:52.734,Z,@,100,17.765
ITG,20140304,10:04:14.477,N,@,100,17.76
ITG,20140304,10:05:17.435,T,@,100,17.76
ITG,20140304,10:05:17.435,K,@,100,17.76
ITG,20140304,10:05:17.542,D,@,100,17.76
ITG,20140304,10:05:36.928,P,I,7,17.79
ITG,20140304,10:06:11.381,N,@,100,17.79
ITG,20140304,10:06:11.382,K,F I,75,17.79
ITG,20140304,10:06:11.382,K,F I,25,17.79
ITG,20140304,10:06:13.233,T,F,100,17.79
ITG,20140304,10:06:13.338,N,@,100,17.79
ITG,20140304,10:06:13.953,T,@,100,17.79
ITG,20140304,10:07:07.497,K,@,200,17.79
ITG,20140304,10:07:34.026,D,@,100,17.785
ITG,20140304,10:08:03.612,B,@,100,17.8
ITG,20140304,10:08:03.613,N,@,100,17.8
ITG,20140304,10:08:06.324,D,I,80,17.7601
ITG,20140304,10:08:09.280,D,@,300,17.792
ITG,20140304,10:08:55.723,D,@,100,17.7875
ITG,20140304,10:08:59.727,N,@,200,17.8
ITG,20140304,10:09:40.616,D,@,10000,17.79
ITG,20140304,10:09:40.619,P,I,64,17.78
ITG,20140304,10:09:40.714,P,F,100,17.79
ITG,20140304,10:09:41.373,D,@,400,17.77
ITG,20140304,10:09:51.420,Z,F,100,17.8
ITG,20140304,10:09:53.303,N,F,100,17.81
ITG,20140304,10:09:53.303,P,F,100,17.81
ITG,20140304,10:09:53.304,P,F,100,17.81
ITG,20140304,10:09:56.422,T,@,100,17.81
ITG,20140304,10:09:56.524,D,@,100,17.805
ITG,20140304,10:09:56.602,D,@,100,17.8
ITG,20140304,10:10:09.496,B,F,100,17.8
ITG,20140304,10:10:09.496,T,F,100,17.8
ITG,20140304,10:10:09.496,Z,@,100,17.81
ITG,20140304,10:10:09.498,Z,F I,25,17.79
ITG,20140304,10:11:11.342,D,@,100,17.83
ITG,20140304,10:11:11.378,Z,@,100,17.81
ITG,20140304,10:11:26.314,N,F,200,17.84
ITG,20140304,10:11:26.315,T,F I,28,17.84
ITG,20140304,10:11:45.077,K,@,100,17.86
ITG,20140304,10:11:45.091,T,I,28,17.87
ITG,20140304,10:11:45.091,T,I,47,17.87
ITG,20140304,10:11:45.091,T,F I,53,17.87
ITG,20140304,10:11:46.412,D,@,100,17.8575
ITG,20140304,10:11:48.081,N,@,100,17.87
ITG,20140304,10:12:34.180,D,@,100,17.87
ITG,20140304,10:12:46.340,N,@,200,17.89
ITG,20140304,10:12:46.344,T,F I,29,17.89
ITG,20140304,10:12:46.344,T,F,100,17.89
ITG,20140304,10:12:46.344,T,F I,43,17.89
ITG,20140304,10:12:55.686,Y,F,100,17.88
ITG,20140304,10:12:55.686,J,F,100,17.88
ITG,20140304,10:12:56.598,D,@,100,17.8775
ITG,20140304,10:13:11.502,Z,F,100,17.88
ITG,20140304,10:13:18.847,D,@,40000,17.895
ITG,20140304,10:13:18.850,B,@,100,17.88
ITG,20140304,10:13:18.850,T,@,100,17.88
ITG,20140304,10:13:18.851,T,@,100,17.88
ITG,20140304,10:13:18.855,T,@,100,17.87
ITG,20140304,10:13:18.856,N,@,100,17.87
ITG,20140304,10:13:18.856,N,@,100,17.87
ITG,20140304,10:13:18.859,K,@,100,17.86
ITG,20140304,10:13:18.864,N,@,100,17.85
ITG,20140304,10:13:19.051,P,F,100,17.87
ITG,20140304,10:13:22.264,T,I,29,17.86
ITG,20140304,10:13:34.988,N,@,200,17.85
ITG,20140304,10:13:34.988,N,@,100,17.84
ITG,20140304,10:13:35.133,N,@,100,17.84
ITG,20140304,10:13:35.248,D,@,400,17.82
ITG,20140304,10:13:35.251,D,@,400,17.82
ITG,20140304,10:13:35.255,D,@,100,17.82
ITG,20140304,10:14:12.145,Z,F,300,17.85
ITG,20140304,10:14:18.987,B,F,100,17.88
ITG,20140304,10:14:42.874,N,@,100,17.9
ITG,20140304,10:15:29.931,D,@,100,17.9
ITG,20140304,10:15:41.135,T,@,152,17.93
ITG,20140304,10:15:41.135,T,I,48,17.93
ITG,20140304,10:15:58.397,K,F,200,17.94
ITG,20140304,10:15:58.398,N,F,300,17.94
ITG,20140304,10:15:58.462,N,@,100,17.94
ITG,20140304,10:15:58.594,D,@,100,17.95
ITG,20140304,10:16:00.199,T,@,200,17.94
ITG,20140304,10:16:00.199,T,@,100,17.94
ITG,20140304,10:16:03.676,Y,@,200,17.92
ITG,20140304,10:16:03.677,N,F,100,17.92
ITG,20140304,10:16:03.802,D,@,100,17.9
ITG,20140304,10:16:04.445,D,@,334,17.95
ITG,20140304,10:16:44.096,D,@,100,17.9325
ITG,20140304,10:17:01.508,D,@,100,17.91
ITG,20140304,10:17:39.769,N,@,100,17.93
ITG,20140304,10:17:39.769,N,@,100,17.94
ITG,20140304,10:17:39.769,Z,@,100,17.94
ITG,20140304,10:17:40.232,K,F,500,17.95
ITG,20140304,10:17:40.232,Z,F,300,17.95
ITG,20140304,10:17:40.232,K,F,500,17.95
ITG,20140304,10:17:40.232,K,F I,51,17.95
ITG,20140304,10:17:40.233,K,F,100,17.95
ITG,20140304,10:17:40.234,K,@,349,17.95
ITG,20140304,10:17:40.241,D,@,100,17.95
ITG,20140304,10:17:53.340,D,@,100,17.9475
ITG,20140304,10:18:07.551,D,@,500,17.921
ITG,20140304,10:18:40.117,N,F,100,17.95
ITG,20140304,10:18:40.131,N,@,100,17.96
ITG,20140304,10:18:41.411,J,F,100,17.95
ITG,20140304,10:18:42.631,N,@,100,17.97
ITG,20140304,10:18:42.633,K,F,100,17.97
ITG,20140304,10:18:42.633,T,I,27,17.97
ITG,20140304,10:18:42.640,D,@,100,17.97
ITG,20140304,10:18:42.852,Z,F,100,17.97
ITG,20140304,10:18:51.482,N,@,200,17.943
ITG,20140304,10:18:51.510,D,@,500,17.941
ITG,20140304,10:18:51.513,D,@,500,17.941
ITG,20140304,10:18:51.513,J,F,100,17.94
ITG,20140304,10:18:51.539,N,F,100,17.94
ITG,20140304,10:18:51.541,T,F,100,17.94
ITG,20140304,10:18:51.541,K,F,100,17.94
ITG,20140304,10:18:51.541,Z,@,100,17.94
ITG,20140304,10:18:51.549,Z,F I,60,17.93
ITG,20140304,10:18:51.549,T,F I,40,17.93
ITG,20140304,10:18:51.549,T,I,19,17.93
ITG,20140304,10:18:51.550,N,I,58,17.93
ITG,20140304,10:18:51.550,K,F,100,17.93
ITG,20140304,10:18:51.550,T,F I,41,17.93
ITG,20140304,10:18:51.550,T,F I,59,17.93
ITG,20140304,10:18:51.550,T,I,41,17.93
ITG,20140304,10:18:51.550,N,@,277,17.93
ITG,20140304,10:18:51.550,N,F I,65,17.93
ITG,20140304,10:18:51.553,N,@,100,17.91
ITG,20140304,10:18:57.679,P,F I,82,17.91
ITG,20140304,10:18:57.680,T,@,100,17.91
ITG,20140304,10:18:57.747,T,@,100,17.9
ITG,20140304,10:20:13.824,D,@,100,17.9
ITG,20140304,10:20:40.865,N,@,100,17.92
ITG,20140304,10:20:54.422,K,F,600,17.93
ITG,20140304,10:20:54.423,T,F,100,17.93
ITG,20140304,10:20:54.423,B,F,200,17.93
ITG,20140304,10:20:54.423,K,@,500,17.93
ITG,20140304,10:20:54.503,P,F,100,17.94
ITG,20140304,10:20:54.503,P,F,100,17.94
ITG,20140304,10:20:54.504,N,F,100,17.94
ITG,20140304,10:21:03.579,D,@,185,17.921
ITG,20140304,10:21:27.958,Z,I,32,17.94
ITG,20140304,10:21:41.231,N,@,200,17.95
ITG,20140304,10:21:41.232,N,@,100,17.95
ITG,20140304,10:21:41.232,Z,@,100,17.95
ITG,20140304,10:21:41.232,T,@,100,17.95
ITG,20140304,10:21:41.345,D,@,100,17.95
ITG,20140304,10:21:42.206,T,@,100,17.95
ITG,20140304,10:22:17.047,K,F,200,17.95
ITG,20140304,10:22:17.939,D,@,100,17.9475
ITG,20140304,10:22:29.566,K,F,600,17.95
ITG,20140304,10:22:29.566,K,I,9,17.95
ITG,20140304,10:22:29.566,Z,F I,82,17.95
ITG,20140304,10:22:29.567,K,F,191,17.95
ITG,20140304,10:22:29.567,Z,F I,18,17.95
ITG,20140304,10:22:29.567,N,F,100,17.95
ITG,20140304,10:22:43.615,J,@,100,17.98
ITG,20140304,10:22:43.616,N,@,100,17.98
ITG,20140304,10:23:12.117,D,@,100,17.9775
ITG,20140304,10:23:44.074,T,F I,38,17.98
ITG,20140304,10:23:44.076,K,F,100,17.99
ITG,20140304,10:23:44.076,K,F,300,17.99
ITG,20140304,10:23:44.090,D,@,100,17.99
ITG,20140304,10:23:44.232,T,I,62,17.99
ITG,20140304,10:23:44.232,T,I,38,17.99
ITG,20140304,10:23:44.232,T,F I,62,17.99
ITG,20140304,10:23:44.233,K,F I,38,17.99
ITG,20140304,10:23:44.233,K,F I,62,17.99
ITG,20140304,10:23:44.837,D,@,100,17.99
ITG,20140304,10:23:46.002,T,@,100,17.99
ITG,20140304,10:23:46.002,T,I,31,17.99
ITG,20140304,10:23:46.002,T,I,69,17.99
ITG,20140304,10:23:46.507,N,F,100,17.99
ITG,20140304,10:24:32.163,N,F,100,17.99
ITG,20140304,10:24:35.003,D,@,100,17.98
ITG,20140304,10:24:35.021,B,@,100,17.98
ITG,20140304,10:24:38.209,K,F,100,17.98
ITG,20140304,10:24:38.209,T,F,100,17.98
ITG,20140304,10:24:38.209,B,F,100,17.98
ITG,20140304,10:24:38.209,T,F,300,17.98
ITG,20140304,10:24:38.209,B,F,100,17.98
ITG,20140304,10:24:38.209,K,F,100,17.98
ITG,20140304,10:24:38.209,K,F,100,17.98
ITG,20140304,10:24:38.209,J,F,100,17.98
ITG,20140304,10:24:38.209,J,F I,38,17.98
ITG,20140304,10:24:38.210,J,I,62,17.98
ITG,20140304,10:24:38.210,T,F I,62,17.98
ITG,20140304,10:24:38.210,T,I,38,17.98
ITG,20140304,10:24:38.211,T,I,62,17.98
ITG,20140304,10:24:38.213,T,I,38,17.98
ITG,20140304,10:24:38.230,Z,@,100,17.975
ITG,20140304,10:24:38.231,T,@,100,17.97
ITG,20140304,10:25:47.656,D,@,100,17.965
ITG,20140304,10:25:50.786,N,@,100,17.97
ITG,20140304,10:25:52.402,T,F,100,17.98
ITG,20140304,10:25:52.403,Z,F,100,17.98
ITG,20140304,10:25:52.498,D,@,100,17.98
ITG,20140304,10:26:04.142,Z,@,100,17.98
ITG,20140304,10:26:31.490,K,F,100,17.99
ITG,20140304,10:26:31.491,K,F,500,18
ITG,20140304,10:26:31.491,K,@,2000,18
ITG,20140304,10:26:31.491,K,@,500,18
ITG,20140304,10:26:31.491,N,@,200,17.99
ITG,20140304,10:26:31.491,K,@,488,18
ITG,20140304,10:26:31.491,N,F,100,17.99
ITG,20140304,10:26:31.491,N,F,100,18
ITG,20140304,10:26:31.492,N,F,100,18
ITG,20140304,10:26:31.495,T,@,100,18.02
ITG,20140304,10:26:31.495,T,@,161,18.02
ITG,20140304,10:26:31.752,T,F I,31,18.02
ITG,20140304,10:26:31.752,Z,F,100,18.02
ITG,20140304,10:26:31.752,T,F,100,18.02
ITG,20140304,10:26:31.852,N,@,100,18
ITG,20140304,10:26:31.949,P,F,100,18
ITG,20140304,10:26:53.172,N,@,100,18.03
ITG,20140304,10:26:53.679,D,@,100,18.015
ITG,20140304,10:27:01.881,B,@,100,18.01
ITG,20140304,10:27:01.881,N,I,14,18.01
ITG,20140304,10:27:01.882,T,I,7,18.01
ITG,20140304,10:27:42.959,P,F,100,18.03
ITG,20140304,10:27:42.959,Z,F,100,18.03
ITG,20140304,10:27:43.072,T,F,100,18.03
ITG,20140304,10:27:53.984,D,@,100,18.0275
ITG,20140304,10:27:58.239,K,@,100,18.05
ITG,20140304,10:28:00.019,D,@,200,18.02
ITG,20140304,10:28:06.828,K,F,100,18.04
ITG,20140304,10:28:06.828,K,F,500,18.05
ITG,20140304,10:28:06.829,K,I,71,18.05
ITG,20140304,10:28:06.830,K,@,2100,18.05
ITG,20140304,10:28:06.830,T,F I,85,18.06
ITG,20140304,10:28:06.831,K,F,115,18.05
ITG,20140304,10:28:06.831,T,F I,31,18.06
ITG,20140304,10:28:06.832,Z,F,100,18.07
ITG,20140304,10:28:06.834,D,@,100,18.05
ITG,20140304,10:28:06.864,T,F,100,18.07
ITG,20140304,10:28:06.864,T,F,100,18.08
ITG,20140304,10:28:06.864,T,F I,55,18.08
ITG,20140304,10:28:06.865,T,F I,55,18.08
ITG,20140304,10:28:06.885,Z,@,100,18.06
ITG,20140304,10:28:43.924,P,F I,52,18.05
ITG,20140304,10:28:43.924,P,F I,48,18.05
ITG,20140304,10:28:43.924,T,F,100,18.05
ITG,20140304,10:28:43.924,P,F I,52,18.05
ITG,20140304,10:28:43.924,N,F,200,18.05
ITG,20140304,10:28:43.952,N,F,100,18.04
ITG,20140304,10:28:44.051,T,F,100,18.03
ITG,20140304,10:29:15.197,T,@,100,18.05
ITG,20140304,10:29:15.198,P,F,100,18.05
ITG,20140304,10:29:15.198,Z,F,100,18.05
ITG,20140304,10:29:32.485,N,@,100,18.07
ITG,20140304,10:29:33.280,Z,F,100,18.07
ITG,20140304,10:29:36.526,K,F,100,18.06
ITG,20140304,10:29:36.526,J,F,100,18.06
ITG,20140304,10:29:36.531,T,F,100,18.05
ITG,20140304,10:29:36.531,T,F,100,18.05
ITG,20140304,10:29:36.531,T,F,300,18.05
ITG,20140304,10:29:36.531,T,F,100,18.05
ITG,20140304,10:29:36.531,K,F,100,18.05
ITG,20140304,10:29:36.531,K,F,100,18.05
ITG,20140304,10:29:36.532,K,F,100,18.05
ITG,20140304,10:29:36.539,T,F,100,18.04
ITG,20140304,10:29:36.545,T,F,100,18.03
ITG,20140304,10:29:36.545,P,@,100,18.03
ITG,20140304,10:29:36.554,T,F I,24,18.02
ITG,20140304,10:29:36.554,Z,F,100,18.02
ITG,20140304,10:29:36.554,N,I,93,18.02
ITG,20140304,10:29:36.554,T,@,100,18.02
ITG,20140304,10:29:36.554,T,I,80,18.02
ITG,20140304,10:29:36.554,Z,F I,15,18.02
ITG,20140304,10:29:36.555,Z,F I,54,18.02
ITG,20140304,10:29:36.555,Z,F I,31,18.02
ITG,20140304,10:29:45.034,T,@,100,18.02
ITG,20140304,10:29:51.240,T,F,100,18.02
ITG,20140304,10:29:51.240,N,F,100,18.02
ITG,20140304,10:29:52.921,T,F,300,18.01
ITG,20140304,10:29:52.921,T,F,100,18.01
ITG,20140304,10:29:52.921,T,F,300,18.01
ITG,20140304,10:29:52.921,T,F,100,18.01
ITG,20140304,10:29:52.922,N,F,200,18.01
ITG,20140304,10:29:52.922,N,F,100,18.01
ITG,20140304,10:29:55.006,N,@,100,18.01
ITG,20140304,10:30:10.491,B,@,100,18
ITG,20140304,10:30:13.849,T,F,100,17.98
ITG,20140304,10:30:13.849,T,F,100,17.98
ITG,20140304,10:30:13.849,P,F I,63,17.98
ITG,20140304,10:30:13.849,P,F,100,17.98
ITG,20140304,10:30:13.858,B,F,100,17.97
ITG,20140304,10:30:13.859,T,F,100,17.97
ITG,20140304,10:30:13.859,T,F,100,17.97
ITG,20140304,10:30:13.859,K,F,100,17.97
ITG,20140304,10:30:13.860,T,F I,31,17.96
ITG,20140304,10:30:13.995,T,@,100,17.97
ITG,20140304,10:30:13.996,T,@,100,17.97
ITG,20140304,10:30:13.996,J,F,100,17.97
ITG,20140304,10:30:13.996,K,F,100,17.97
ITG,20140304,10:30:51.473,T,F,100,17.98
ITG,20140304,10:30:51.623,Z,@,100,17.96
ITG,20140304,10:31:46.859,P,I,20,17.97
ITG,20140304,10:32:48.643,D,@,100,17.9575
ITG,20140304,10:33:07.259,P,F I,80,17.97
ITG,20140304,10:33:07.259,P,F,100,17.97
ITG,20140304,10:33:07.259,N,F,100,17.97
ITG,20140304,10:33:09.418,T,@,100,18.01
ITG,20140304,10:33:09.419,T,F I,31,18.01
ITG,20140304,10:33:09.505,D,@,100,18.01
ITG,20140304,10:33:25.019,B,@,100,17.99
ITG,20140304,10:33:25.022,T,F I,63,17.99
ITG,20140304,10:33:25.022,T,F,100,17.99
ITG,20140304,10:33:30.800,N,F,200,18
ITG,20140304,10:34:40.358,K,F,100,18.03
ITG,20140304,10:34:40.358,K,F,300,18.03
ITG,20140304,10:34:40.358,T,F,100,18.03
ITG,20140304,10:34:40.359,T,F,200,18.03
ITG,20140304,10:34:40.359,K,@,100,18.03
ITG,20140304,10:34:40.359,N,@,193,18.03
ITG,20140304,10:34:40.359,K,I,76,18.03
ITG,20140304,10:34:40.359,K,I,24,18.03
ITG,20140304,10:34:40.359,K,F I,16,18.03
ITG,20140304,10:34:40.433,D,@,100,18.03
ITG,20140304,10:34:40.519,N,F,132,18.03
ITG,20140304,10:34:40.839,K,I,60,18.03
ITG,20140304,10:34:49.183,T,@,100,18.03
ITG,20140304,10:35:06.778,T,F,100,18.03
ITG,20140304,10:35:19.506,N,F,100,18.03
ITG,20140304,10:35:19.506,T,F,100,18.03
ITG,20140304,10:35:38.450,T,F,100,18.02
ITG,20140304,10:35:38.450,B,@,100,18.02
ITG,20140304,10:35:38.450,T,F,300,18.02
ITG,20140304,10:35:38.450,T,F,200,18.02
ITG,20140304,10:35:38.450,T,F,100,18.02
ITG,20140304,10:35:38.450,K,I,40,18.03
ITG,20140304,10:35:38.450,N,@,100,18.02
ITG,20140304,10:35:38.450,N,F I,20,18.02
ITG,20140304,10:35:38.452,T,F,100,18.01
ITG,20140304,10:35:48.806,N,F I,32,17.98
ITG,20140304,10:35:48.806,N,I,68,17.98
ITG,20140304,10:35:48.807,Z,I,32,17.98
ITG,20140304,10:35:48.818,D,@,100,17.98
ITG,20140304,10:35:57.383,N,@,100,17.96
ITG,20140304,10:36:24.994,T,@,100,17.96
ITG,20140304,10:38:08.863,T,I,25,17.99
ITG,20140304,10:38:08.864,T,I,75,17.99
ITG,20140304,10:38:08.864,N,@,100,17.99
ITG,20140304,10:38:08.864,T,F I,25,17.99
ITG,20140304,10:38:08.865,P,F,100,17.99
ITG,20140304,10:38:52.614,B,F I,38,18.02
ITG,20140304,10:38:52.614,B,F I,62,18.02
ITG,20140304,10:38:52.615,K,F I,38,18.01
ITG,20140304,10:38:52.624,K,F I,69,18.01
ITG,20140304,10:38:52.624,K,F I,31,18.01
ITG,20140304,10:38:53.707,T,@,100,18.01
ITG,20140304,10:38:55.630,T,F,100,18.01
ITG,20140304,10:38:55.643,N,@,100,18.01
ITG,20140304,10:38:56.084,N,F,128,18.01
ITG,20140304,10:38:56.307,N,F,100,18.01
ITG,20140304,10:39:11.411,T,@,100,18.02
ITG,20140304,10:39:11.412,N,F,100,18.03
ITG,20140304,10:39:26.591,T,@,100,18.03
ITG,20140304,10:39:26.664,B,@,100,18.02
ITG,20140304,10:39:39.027,T,@,100,18.04
ITG,20140304,10:39:42.961,T,F I,48,18.04
ITG,20140304,10:39:54.047,Z,I,9,18.04
ITG,20140304,10:39:54.054,T,I,91,18.04
ITG,20140304,10:39:54.737,D,@,100,18.04
ITG,20140304,10:40:08.541,K,F,200,18.04
ITG,20140304,10:40:08.542,T,F,200,18.04
ITG,20140304,10:40:08.542,N,@,100,18.04
ITG,20140304,10:40:08.542,N,F,200,18.04
ITG,20140304,10:40:50.445,B,F,100,18.03
ITG,20140304,10:40:50.446,T,F,300,18.03
ITG,20140304,10:40:50.447,N,F,200,18.03
ITG,20140304,10:40:50.447,T,F I,31,18.03
ITG,20140304,10:40:50.450,T,F,200,18.03
ITG,20140304,10:40:50.450,T,@,100,18.03
ITG,20140304,10:40:50.451,T,I,69,18.03
ITG,20140304,10:40:50.638,N,I,2,18.02
ITG,20140304,10:40:50.639,P,F I,60,18.02
ITG,20140304,10:40:51.081,N,F,100,18
ITG,20140304,10:40:51.081,K,F,100,18
ITG,20140304,10:40:54.013,N,F I,60,17.99
ITG,20140304,10:40:54.013,N,F I,40,17.99
ITG,20140304,10:41:22.073,T,@,100,18
ITG,20140304,10:41:22.073,P,F,100,18
ITG,20140304,10:41:22.074,T,F,100,18
ITG,20140304,10:42:01.077,N,F,100,18.01
ITG,20140304,10:42:01.078,N,F,100,18.01
ITG,20140304,10:42:01.078,N,@,100,18.01
ITG,20140304,10:42:01.079,N,F,100,18.01
ITG,20140304,10:42:01.117,N,F,200,18.01
ITG,20140304,10:42:10.288,N,F,100,18.02
ITG,20140304,10:42:10.289,P,F I,60,18.02
ITG,20140304,10:42:10.293,K,F,100,18.02
ITG,20140304,10:42:10.293,P,F I,40,18.02
ITG,20140304,10:42:10.294,T,F,100,18.01
ITG,20140304,10:42:10.294,T,F I,75,18.01
ITG,20140304,10:42:10.294,T,F,100,18.01
ITG,20140304,10:42:10.360,N,@,100,18.01
ITG,20140304,10:42:16.323,N,@,100,18
ITG,20140304,10:42:16.324,T,@,100,18
ITG,20140304,10:42:16.324,Z,@,100,18.005
ITG,20140304,10:42:16.328,T,@,100,18
ITG,20140304,10:42:35.076,D,I,1,17.99
ITG,20140304,10:42:35.090,D,@,200,17.9901
ITG,20140304,10:42:35.502,N,F,100,18
ITG,20140304,10:42:43.858,D,@,353,18.019
ITG,20140304,10:42:45.040,D,@,100,17.99
ITG,20140304,10:43:24.464,T,@,100,18.02
ITG,20140304,10:43:43.285,N,I,7,18.02
ITG,20140304,10:43:51.033,N,F I,68,18
ITG,20140304,10:43:51.041,N,F,100,18
ITG,20140304,10:43:51.041,N,@,232,18
ITG,20140304,10:43:51.041,T,F,200,18
ITG,20140304,10:43:51.042,T,F I,40,18
ITG,20140304,10:43:51.042,T,F I,60,18
ITG,20140304,10:43:51.042,T,F I,40,18
ITG,20140304,10:43:51.042,T,F I,60,18
ITG,20140304,10:45:32.501,K,F,100,17.99
ITG,20140304,10:45:40.605,D,@,100,17.99
ITG,20140304,10:45:46.486,T,@,100,17.99
ITG,20140304,10:45:46.486,P,F,100,18
ITG,20140304,10:45:46.487,N,@,100,18
ITG,20140304,10:45:46.488,K,F,200,18
ITG,20140304,10:45:46.488,K,F,200,18
ITG,20140304,10:45:46.488,K,F,516,18
ITG,20140304,10:45:46.488,K,F I,84,18
ITG,20140304,10:45:46.495,D,@,100,18
ITG,20140304,10:45:46.502,Z,@,100,18.005
ITG,20140304,10:45:46.567,N,I,31,17.99
ITG,20140304,10:46:14.784,Z,F,100,18
ITG,20140304,10:46:14.785,N,F,100,18
ITG,20140304,10:46:36.047,T,F,200,18.02
ITG,20140304,10:46:36.047,T,F,200,18.02
ITG,20140304,10:46:36.048,N,F,200,18.02
ITG,20140304,10:46:36.048,N,F,100,18.02
ITG,20140304,10:46:37.946,D,@,100,18
ITG,20140304,10:46:59.597,D,@,100,18
ITG,20140304,10:46:59.634,P,I,26,18.01
ITG,20140304,10:47:01.697,T,@,100,18.02
ITG,20140304,10:47:02.438,D,@,100,18.0175
ITG,20140304,10:47:03.170,P,F,100,18.02
ITG,20140304,10:47:03.189,P,F,100,18.02
ITG,20140304,10:47:03.189,N,F,100,18.02
ITG,20140304,10:47:23.077,D,I,28,18
ITG,20140304,10:47:23.086,D,I,72,18.0001
ITG,20140304,10:47:41.709,D,@,100,18
ITG,20140304,10:47:44.023,D,@,100,18.03
ITG,20140304,10:47:44.027,N,F,379,18.02
ITG,20140304,10:47:44.027,N,F I,21,18.03
ITG,20140304,10:47:44.030,D,@,100,18.03
ITG,20140304,10:47:52.116,D,@,300,18.014
ITG,20140304,10:47:52.182,D,@,500,18.014
ITG,20140304,10:48:00.080,J,@,100,18.01
ITG,20140304,10:48:00.080,T,@,100,18.01
ITG,20140304,10:48:00.080,K,@,100,18.01
ITG,20140304,10:48:00.081,N,F,200,18
ITG,20140304,10:48:00.103,T,@,200,18
ITG,20140304,10:48:00.103,Z,I,61,18
ITG,20140304,10:48:00.105,T,F,100,18
ITG,20140304,10:48:00.105,T,F,100,18
ITG,20140304,10:48:00.134,T,@,100,17.99
ITG,20140304,10:48:00.140,T,I,79,17.99
ITG,20140304,10:48:00.657,D,@,300,17.971
ITG,20140304,10:48:07.194,D,@,121,17.9701
ITG,20140304,10:48:25.750,D,@,100,17.97
ITG,20140304,10:48:25.986,N,@,100,17.97
ITG,20140304,10:48:25.987,T,@,100,17.97
ITG,20140304,10:48:36.129,T,F I,99,17.95
ITG,20140304,10:48:36.141,T,F,100,17.94
ITG,20140304,10:48:36.141,T,F,100,17.94
ITG,20140304,10:48:36.144,D,@,100,17.93
ITG,20140304,10:48:36.146,N,F I,1,17.93
ITG,20140304,10:48:43.396,P,F,100,17.94
ITG,20140304,10:48:43.397,T,F,100,17.93
ITG,20140304,10:48:51.358,T,@,100,17.935
ITG,20140304,10:50:08.616,D,@,100,17.9275
ITG,20140304,10:50:28.814,D,@,100,17.93
ITG,20140304,10:50:34.909,B,@,100,17.92
ITG,20140304,10:50:34.942,Y,F I,27,17.93
ITG,20140304,10:51:16.113,N,F,100,17.92
ITG,20140304,10:51:50.207,Z,F,100,17.92
ITG,20140304,10:51:50.207,K,F,100,17.92
ITG,20140304,10:51:50.207,T,F,100,17.92
ITG,20140304,10:51:50.207,T,F,400,17.92
ITG,20140304,10:51:50.207,T,F I,40,17.92
ITG,20140304,10:51:50.207,T,F I,60,17.92
ITG,20140304,10:51:50.207,T,F I,24,17.92
ITG,20140304,10:51:50.207,T,F,200,17.92
ITG,20140304,10:51:50.207,T,@,176,17.92
ITG,20140304,10:51:50.207,T,@,100,17.92
ITG,20140304,10:51:50.207,T,@,100,17.92
ITG,20140304,10:51:50.207,T,I,96,17.92
ITG,20140304,10:51:50.207,T,F,104,17.92
ITG,20140304,10:51:50.207,T,@,100,17.92
ITG,20140304,10:51:50.208,T,@,100,17.92
ITG,20140304,10:51:50.208,T,@,100,17.92
ITG,20140304,10:51:50.215,N,F,669,17.91
ITG,20140304,10:51:50.266,N,F,400,17.91
ITG,20140304,10:51:50.266,B,F I,96,17.91
ITG,20140304,10:51:50.267,Z,F,100,17.91
ITG,20140304,10:51:50.267,N,F,441,17.91
ITG,20140304,10:51:50.271,N,@,100,17.91
ITG,20140304,10:51:50.272,B,I,4,17.91
ITG,20140304,10:52:13.260,Y,@,100,17.87
ITG,20140304,10:52:13.260,Y,@,100,17.87
ITG,20140304,10:52:13.260,P,F I,5,17.88
ITG,20140304,10:52:13.388,D,@,700,17.87
ITG,20140304,10:52:16.624,T,@,100,17.87
ITG,20140304,10:52:18.253,P,F,100,17.86
ITG,20140304,10:52:18.253,P,F,100,17.87
ITG,20140304,10:52:18.254,P,@,100,17.87
ITG,20140304,10:52:18.256,J,F,100,17.87
ITG,20140304,10:52:18.258,P,F,100,17.87
ITG,20140304,10:52:18.351,B,F,100,17.87
ITG,20140304,10:52:18.352,P,F I,4,17.87
ITG,20140304,10:52:20.284,D,@,100,17.875
ITG,20140304,10:52:32.816,B,@,100,17.86
ITG,20140304,10:52:32.816,T,F,100,17.86
ITG,20140304,10:52:32.816,T,F,100,17.86
ITG,20140304,10:52:32.817,N,F,100,17.86
ITG,20140304,10:52:32.817,N,@,100,17.86
ITG,20140304,10:52:52.242,Y,@,100,17.85
ITG,20140304,10:52:52.414,D,F,300,17.85
ITG,20140304,10:53:11.758,D,@,100,17.85
ITG,20140304,10:53:30.257,J,F,100,17.87
ITG,20140304,10:53:30.258,P,I,50,17.87
ITG,20140304,10:53:30.258,T,F,100,17.87
ITG,20140304,10:53:30.258,P,F I,50,17.87
ITG,20140304,10:53:31.388,D,@,100,17.86
ITG,20140304,10:53:50.836,D,@,100,17.86
ITG,20140304,10:54:12.350,D,@,100,17.86
ITG,20140304,10:54:34.060,N,F,100,17.88
ITG,20140304,10:54:37.722,T,@,100,17.88
ITG,20140304,10:54:37.723,T,@,100,17.88
ITG,20140304,10:54:37.723,N,@,100,17.88
ITG,20140304,10:54:37.750,J,@,100,17.87
ITG,20140304,10:54:37.750,P,F,100,17.87
ITG,20140304,10:54:56.362,B,@,100,17.86
ITG,20140304,10:54:56.362,T,@,300,17.86
ITG,20140304,10:54:56.363,K,@,100,17.86
ITG,20140304,10:54:56.363,N,@,100,17.86
ITG,20140304,10:54:56.363,N,F,100,17.86
ITG,20140304,10:54:56.379,N,@,100,17.86
ITG,20140304,10:54:56.380,T,@,100,17.86
ITG,20140304,10:54:56.380,T,@,100,17.86
ITG,20140304,10:55:18.763,D,@,100,17.8532
ITG,20140304,10:55:19.163,D,@,200,17.85
ITG,20140304,10:55:44.315,D,@,100,17.8501
ITG,20140304,10:57:55.294,T,@,100,17.88
ITG,20140304,10:57:55.295,T,F,100,17.88
ITG,20140304,10:57:55.295,N,@,100,17.88
ITG,20140304,10:57:55.295,T,F,100,17.88
ITG,20140304,10:57:55.295,Z,F,100,17.88
ITG,20140304,10:57:55.296,P,F,100,17.88
ITG,20140304,10:57:55.296,P,F,100,17.88
ITG,20140304,10:57:55.296,Z,F,100,17.88
ITG,20140304,10:57:55.297,T,F,100,17.89
ITG,20140304,10:57:55.404,D,@,100,17.865
ITG,20140304,10:57:56.171,J,F,100,17.89
ITG,20140304,10:57:57.132,D,@,100,17.8825
ITG,20140304,10:58:00.745,T,@,100,17.885
ITG,20140304,10:58:16.390,B,@,100,17.87
ITG,20140304,10:58:17.206,D,@,100,17.87
ITG,20140304,10:58:40.151,D,@,100,17.87
ITG,20140304,10:58:52.380,T,F,100,17.88
ITG,20140304,10:58:52.380,T,F,100,17.88
ITG,20140304,10:58:52.380,T,F,100,17.88
ITG,20140304,10:58:52.380,Z,@,100,17.885
ITG,20140304,10:58:52.380,T,F,100,17.88
ITG,20140304,10:58:52.380,N,@,100,17.88
ITG,20140304,10:58:58.951,N,F,100,17.87
ITG,20140304,10:58:58.953,D,F,100,17.87
ITG,20140304,10:58:59.154,N,@,100,17.87
ITG,20140304,10:59:09.329,N,F,100,17.87
ITG,20140304,10:59:12.960,D,@,100,17.87
ITG,20140304,10:59:25.703,Z,@,100,17.875
ITG,20140304,10:59:28.177,N,F,100,17.88
ITG,20140304,10:59:28.178,N,F,100,17.88
ITG,20140304,10:59:43.505,B,@,100,17.92
ITG,20140304,10:59:46.874,D,@,100,17.8901
ITG,20140304,11:00:07.112,B,@,100,17.89
ITG,20140304,11:00:07.112,T,F,200,17.89
ITG,20140304,11:00:07.112,T,@,300,17.89
ITG,20140304,11:00:07.112,T,I,28,17.89
ITG,20140304,11:00:07.112,T,@,300,17.89
ITG,20140304,11:00:07.112,T,@,100,17.89
ITG,20140304,11:00:07.112,T,@,100,17.89
ITG,20140304,11:00:07.112,T,F,100,17.89
ITG,20140304,11:00:07.112,T,F,100,17.89
ITG,20140304,11:00:07.112,N,F,200,17.89
ITG,20140304,11:00:07.112,N,@,100,17.89
ITG,20140304,11:00:07.118,T,F,200,17.89
ITG,20140304,11:00:07.118,T,F,100,17.89
ITG,20140304,11:00:29.934,N,F,100,17.86
ITG,20140304,11:00:29.935,Z,@,100,17.86
ITG,20140304,11:00:40.227,T,F,100,17.83
ITG,20140304,11:00:40.227,N,F,200,17.83
ITG,20140304,11:00:40.228,T,F I,29,17.83
ITG,20140304,11:00:57.278,P,F,100,17.83
ITG,20140304,11:00:57.278,P,F,100,17.83
ITG,20140304,11:01:37.127,D,@,100,17.82
ITG,20140304,11:01:45.174,P,@,100,17.82
ITG,20140304,11:01:45.393,N,@,100,17.82
ITG,20140304,11:01:50.086,N,@,100,17.8
ITG,20140304,11:01:50.087,T,F I,29,17.8
ITG,20140304,11:01:54.359,N,@,300,17.79
ITG,20140304,11:01:54.360,T,@,100,17.8
ITG,20140304,11:01:54.365,Z,F,100,17.79
ITG,20140304,11:01:54.365,T,F I,29,17.79
ITG,20140304,11:01:54.367,T,F,100,17.78
ITG,20140304,11:01:54.367,P,F,100,17.78
ITG,20140304,11:01:54.368,T,F,100,17.78
ITG,20140304,11:01:54.368,T,@,100,17.78
ITG,20140304,11:01:54.368,P,F,100,17.78
ITG,20140304,11:01:54.369,P,F,100,17.77
ITG,20140304,11:01:54.369,K,F,100,17.77
ITG,20140304,11:01:54.369,T,F I,31,17.78
ITG,20140304,11:01:54.370,N,F,300,17.77
ITG,20140304,11:01:54.374,T,F I,31,17.77
ITG,20140304,11:01:54.374,T,F I,29,17.77
ITG,20140304,11:01:54.375,Y,F,100,17.76
ITG,20140304,11:01:54.376,N,F I,80,17.76
ITG,20140304,11:01:54.536,T,I,29,17.76
ITG,20140304,11:01:57.391,P,F I,77,17.77
ITG,20140304,11:01:57.391,P,I,18,17.77
ITG,20140304,11:01:57.391,N,F,388,17.77
ITG,20140304,11:01:57.391,T,F,100,17.77
ITG,20140304,11:01:57.391,P,F I,5,17.77
ITG,20140304,11:01:57.391,N,I,12,17.77
ITG,20140304,11:01:57.433,T,@,100,17.79
ITG,20140304,11:01:57.448,D,@,100,17.79
ITG,20140304,11:02:19.298,N,F,100,17.8
ITG,20140304,11:02:19.299,T,F,100,17.8
ITG,20140304,11:02:27.975,D,@,100,17.82
ITG,20140304,11:04:12.296,N,@,100,17.83
ITG,20140304,11:04:12.296,P,@,100,17.83
ITG,20140304,11:04:12.296,T,@,100,17.83
ITG,20140304,11:04:12.297,T,I,60,17.83
ITG,20140304,11:04:12.297,T,F I,40,17.83
ITG,20140304,11:04:12.297,T,F,100,17.83
ITG,20140304,11:04:12.309,D,@,100,17.83
ITG,20140304,11:04:13.329,P,F,100,17.83
ITG,20140304,11:05:14.555,P,F,100,17.83
ITG,20140304,11:05:19.611,N,F,100,17.84
ITG,20140304,11:05:19.611,P,I,20,17.84
ITG,20140304,11:05:19.611,Z,I,20,17.84
ITG,20140304,11:05:19.611,T,I,20,17.84
ITG,20140304,11:05:19.611,P,I,80,17.84
ITG,20140304,11:05:19.611,T,F I,80,17.84
ITG,20140304,11:05:19.611,Z,I,80,17.84
ITG,20140304,11:05:19.672,D,@,100,17.84
ITG,20140304,11:06:16.559,N,@,200,17.87
ITG,20140304,11:06:16.560,T,@,100,17.86
ITG,20140304,11:06:16.675,T,F,100,17.87
ITG,20140304,11:06:31.302,T,F,100,17.88
ITG,20140304,11:06:31.305,T,@,100,17.88
ITG,20140304,11:06:31.305,T,@,100,17.88
ITG,20140304,11:06:32.136,D,@,100,17.88
ITG,20140304,11:06:34.405,D,@,100,17.88
ITG,20140304,11:06:39.541,T,F,100,17.88
ITG,20140304,11:06:39.541,B,F,100,17.87
ITG,20140304,11:06:39.541,T,F,100,17.88
ITG,20140304,11:06:39.541,N,F,145,17.88
ITG,20140304,11:06:39.541,N,F,200,17.88
ITG,20140304,11:06:39.542,N,I,55,17.88
ITG,20140304,11:06:39.542,N,F I,80,17.87
ITG,20140304,11:06:39.542,T,F I,76,17.88
ITG,20140304,11:06:39.542,N,F I,20,17.87
ITG,20140304,11:06:58.637,P,F,100,17.87
ITG,20140304,11:06:58.637,N,F,100,17.87
ITG,20140304,11:07:29.379,D,@,200,17.8732
ITG,20140304,11:08:05.682,N,@,100,17.88
ITG,20140304,11:08:20.820,T,@,100,17.88
ITG,20140304,11:08:26.468,T,F,100,17.89
ITG,20140304,11:08:26.468,T,F,100,17.89
ITG,20140304,11:08:26.468,T,F,100,17.89
ITG,20140304,11:08:26.468,N,F,200,17.89
ITG,20140304,11:08:26.468,N,@,100,17.89
ITG,20140304,11:08:26.469,N,F I,94,17.89
ITG,20140304,11:08:26.469,T,@,100,17.89
ITG,20140304,11:08:26.469,N,@,106,17.89
ITG,20140304,11:08:36.150,D,F,100,17.91
ITG,20140304,11:09:22.731,N,@,100,17.9
ITG,20140304,11:09:40.446,P,F,100,17.92
ITG,20140304,11:09:40.447,T,@,100,17.92
ITG,20140304,11:09:40.447,P,F,100,17.92
ITG,20140304,11:09:40.448,D,@,100,17.92
ITG,20140304,11:09:40.550,T,F,100,17.92
ITG,20140304,11:09:48.903,D,I,10,17.94
ITG,20140304,11:09:56.779,T,@,400,17.93
ITG,20140304,11:09:56.779,T,@,300,17.93
ITG,20140304,11:10:15.432,T,@,100,17.93
ITG,20140304,11:10:15.432,T,@,100,17.93
ITG,20140304,11:10:15.432,T,F,200,17.93
ITG,20140304,11:10:15.433,N,@,100,17.93
ITG,20140304,11:10:15.433,T,@,100,17.93
ITG,20140304,11:10:15.433,N,F,100,17.93
ITG,20140304,11:10:15.481,N,F,100,17.92
ITG,20140304,11:10:15.497,T,@,100,17.92
ITG,20140304,11:10:23.667,D,@,100,17.93
ITG,20140304,11:11:50.604,T,F,100,17.93
ITG,20140304,11:11:50.605,T,F,100,17.93
ITG,20140304,11:11:50.605,Z,F,100,17.93
ITG,20140304,11:12:26.514,N,@,200,17.96
ITG,20140304,11:12:26.890,D,@,100,17.955
ITG,20140304,11:12:33.392,T,F,300,17.95
ITG,20140304,11:12:33.392,T,@,300,17.95
ITG,20140304,11:12:33.394,T,@,100,17.95
ITG,20140304,11:12:33.395,T,F I,34,17.95
ITG,20140304,11:13:08.686,D,I,90,17.96
ITG,20140304,11:13:57.307,D,@,100,17.95
ITG,20140304,11:14:19.283,D,4 B,100,17.9347
ITG,20140304,11:14:27.720,T,@,100,17.95
ITG,20140304,11:14:27.731,J,@,100,17.96
ITG,20140304,11:14:27.731,T,@,100,17.96
ITG,20140304,11:14:33.776,D,I,33,17.96
ITG,20140304,11:14:34.490,D,4 B,100,17.957
ITG,20140304,11:14:51.635,N,@,100,17.97
ITG,20140304,11:15:08.455,N,F,100,17.98
ITG,20140304,11:15:35.189,K,F I,78,17.99
ITG,20140304,11:16:01.564,B,F I,22,17.99
ITG,20140304,11:16:09.918,J,@,100,17.99
ITG,20140304,11:16:09.918,B,I,39,17.99
ITG,20140304,11:16:25.123,D,@,561,18
ITG,20140304,11:16:26.343,D,@,561,17.999
ITG,20140304,11:16:27.773,D,@,876,17.999
ITG,20140304,11:16:28.954,T,@,100,18
ITG,20140304,11:16:30.745,D,@,100,17.9975
ITG,20140304,11:16:46.675,Z,@,100,18
ITG,20140304,11:16:46.675,P,F,100,18
ITG,20140304,11:16:46.675,K,F,100,18
ITG,20140304,11:16:46.675,T,F,100,18
ITG,20140304,11:16:46.675,T,F,100,18
ITG,20140304,11:16:49.009,N,F,100,18.02
ITG,20140304,11:16:50.481,D,@,100,18.02
ITG,20140304,11:16:51.971,T,@,100,18.02
ITG,20140304,11:16:51.989,N,F,100,18.02
ITG,20140304,11:16:54.837,T,F,200,18.01
ITG,20140304,11:16:54.837,T,F,100,18.01
ITG,20140304,11:16:54.837,Y,@,100,18.01
ITG,20140304,11:16:54.837,N,@,100,18.01
ITG,20140304,11:16:54.837,N,@,100,18.01
ITG,20140304,11:16:54.939,T,F,200,18.01
ITG,20140304,11:17:14.825,T,@,200,18.02
ITG,20140304,11:17:14.826,N,@,200,18.02
ITG,20140304,11:17:14.843,N,F,200,18.02
ITG,20140304,11:17:22.798,T,F,100,18.01
ITG,20140304,11:17:22.798,T,F,100,18.01
ITG,20140304,11:17:22.798,T,F,100,18.01
ITG,20140304,11:17:22.798,N,@,100,18.01
ITG,20140304,11:17:27.317,T,F,300,18
ITG,20140304,11:17:27.317,T,F,100,18
ITG,20140304,11:17:27.318,N,@,100,18
ITG,20140304,11:17:27.318,N,@,100,18
ITG,20140304,11:17:42.806,N,@,100,17.99
ITG,20140304,11:18:44.851,Z,@,100,17.99
ITG,20140304,11:19:53.450,T,F,100,18
ITG,20140304,11:19:53.451,J,F,100,18
ITG,20140304,11:19:53.451,T,F,100,18
ITG,20140304,11:19:53.451,T,F,100,18
ITG,20140304,11:19:53.451,T,@,100,18
ITG,20140304,11:19:53.451,K,@,100,18
ITG,20140304,11:19:53.452,N,@,100,18
ITG,20140304,11:19:53.452,N,@,100,18
ITG,20140304,11:19:53.453,T,F I,75,18
ITG,20140304,11:19:53.454,T,F I,25,18
ITG,20140304,11:19:53.464,K,F,100,18
ITG,20140304,11:19:53.547,D,@,100,18
ITG,20140304,11:19:55.308,D,@,100,18
ITG,20140304,11:20:29.591,T,@,100,18
ITG,20140304,11:20:43.316,Z,F,100,18
ITG,20140304,11:20:43.426,D,@,100,18
ITG,20140304,11:20:43.901,N,F,100,18.02
ITG,20140304,11:20:52.707,D,@,100,18.0175
ITG,20140304,11:21:01.939,D,4 I,1,17.9995
ITG,20140304,11:21:08.765,P,F,100,18.04
ITG,20140304,11:21:08.765,N,F,500,18.04
ITG,20140304,11:21:28.573,D,@,330,18.028
ITG,20140304,11:21:49.799,D,@,700,18.0101
ITG,20140304,11:22:13.426,P,F,100,18.04
ITG,20140304,11:22:13.426,T,F,100,18.04
ITG,20140304,11:22:13.430,T,F,100,18.04
ITG,20140304,11:22:13.430,T,F,200,18.04
ITG,20140304,11:22:13.464,D,@,100,18.04
ITG,20140304,11:22:17.048,Z,F,100,18.04
ITG,20140304,11:22:17.048,T,F,100,18.04
ITG,20140304,11:22:17.048,N,F,100,18.04
ITG,20140304,11:22:17.129,N,F,100,18.03
ITG,20140304,11:22:29.008,D,@,100,18.04
ITG,20140304,11:23:49.704,J,F,100,18.04
ITG,20140304,11:23:49.705,N,F,100,18.04
ITG,20140304,11:23:55.255,K,F,300,18.04
ITG,20140304,11:23:55.255,K,F,100,18.04
ITG,20140304,11:23:55.255,B,F,100,18.04
ITG,20140304,11:23:55.255,J,I,63,18.04
ITG,20140304,11:23:55.255,J,I,37,18.04
ITG,20140304,11:23:55.255,K,F I,60,18.04
ITG,20140304,11:23:55.272,N,I,63,18.04
ITG,20140304,11:23:55.272,N,F,100,18.04
ITG,20140304,11:23:55.272,N,I,37,18.04
ITG,20140304,11:23:55.274,K,F,100,18.04
ITG,20140304,11:23:55.274,T,F,100,18.04
ITG,20140304,11:23:55.275,P,@,100,18.04
ITG,20140304,11:24:26.420,Z,@,100,18.045
ITG,20140304,11:24:54.943,Z,@,100,18.05
ITG,20140304,11:24:54.944,K,@,1500,18.05
ITG,20140304,11:24:58.690,Z,@,100,18.065
ITG,20140304,11:25:07.122,J,F,100,18.08
ITG,20140304,11:25:07.122,T,F,100,18.08
ITG,20140304,11:25:07.158,D,@,100,18.08
ITG,20140304,11:25:25.361,P,F,100,18.09
ITG,20140304,11:25:25.362,T,@,100,18.09
ITG,20140304,11:25:36.030,B,@,100,18.09
ITG,20140304,11:25:44.755,T,F,100,18.11
ITG,20140304,11:25:44.766,D,@,100,18.11
ITG,20140304,11:25:44.808,T,@,100,18.11
ITG,20140304,11:25:44.811,D,@,100,18.11
ITG,20140304,11:25:45.439,D,@,100,18.11
ITG,20140304,11:25:47.284,D,@,100,18.11
ITG,20140304,11:26:12.942,T,@,100,18.11
ITG,20140304,11:26:12.962,T,@,300,18.1
ITG,20140304,11:26:12.962,N,@,100,18.1
ITG,20140304,11:26:12.963,T,I,92,18.1
ITG,20140304,11:26:20.550,N,@,100,18.1
ITG,20140304,11:26:23.874,D,@,100,18.12
ITG,20140304,11:27:05.549,N,F,100,18.1
ITG,20140304,11:27:05.550,T,F,108,18.1
ITG,20140304,11:27:05.550,P,@,100,18.1
ITG,20140304,11:27:05.550,T,F I,92,18.1
ITG,20140304,11:27:05.550,T,F,208,18.1
ITG,20140304,11:27:05.550,T,F,100,18.1
ITG,20140304,11:27:06.157,N,F,100,18.1
ITG,20140304,11:27:07.109,T,@,100,18.1
ITG,20140304,11:27:07.109,N,@,100,18.1
ITG,20140304,11:28:02.066,D,@,100,18.095
ITG,20140304,11:28:09.056,J,@,100,18.1
ITG,20140304,11:28:17.413,T,F,100,18.09
ITG,20140304,11:28:17.413,T,F,100,18.09
ITG,20140304,11:28:17.413,N,F,300,18.09
ITG,20140304,11:28:43.323,N,@,100,18.08
ITG,20140304,11:28:43.323,P,@,100,18.08
ITG,20140304,11:28:45.950,P,F,100,18.08
ITG,20140304,11:28:47.168,P,@,100,18.09
ITG,20140304,11:28:47.168,T,F,100,18.09
ITG,20140304,11:28:47.168,T,F,100,18.09
ITG,20140304,11:28:47.168,J,@,100,18.09
ITG,20140304,11:28:47.168,P,@,100,18.09
ITG,20140304,11:28:47.168,P,@,100,18.09
ITG,20140304,11:28:47.253,D,@,100,18.09
ITG,20140304,11:29:06.293,D,@,300,18.12
ITG,20140304,11:29:19.054,D,@,100,18.12
ITG,20140304,11:29:39.620,J,@,100,18.11
ITG,20140304,11:29:39.624,T,I,39,18.11
ITG,20140304,11:29:39.794,T,F I,61,18.11
ITG,20140304,11:30:00.717,Z,F,100,18.13
ITG,20140304,11:30:00.718,T,F,200,18.12
ITG,20140304,11:30:00.718,T,F I,52,18.13
ITG,20140304,11:30:00.718,T,F,100,18.13
ITG,20140304,11:30:00.718,T,F I,48,18.13
ITG,20140304,11:30:00.719,D,@,100,18.13
ITG,20140304,11:30:00.722,T,F,100,18.13
ITG,20140304,11:30:01.094,D,@,100,18.13
ITG,20140304,11:30:17.040,D,@,100,18.15
ITG,20140304,11:30:37.648,D,@,100,18.1425
ITG,20140304,11:30:54.674,D,F I,2,18.15
ITG,20140304,11:31:01.381,J,F,100,18.15
ITG,20140304,11:31:01.382,N,F I,39,18.15
ITG,20140304,11:31:01.382,N,F I,61,18.15
ITG,20140304,11:31:17.635,D,I,4,18.17
ITG,20140304,11:31:20.135,J,F,100,18.15
ITG,20140304,11:31:20.135,B,F,100,18.15
ITG,20140304,11:31:20.136,T,F I,25,18.15
ITG,20140304,11:31:20.136,T,F,100,18.15
ITG,20140304,11:31:20.136,T,F,100,18.15
ITG,20140304,11:31:20.136,T,F I,75,18.15
ITG,20140304,11:31:20.136,T,F I,25,18.15
ITG,20140304,11:31:33.320,N,F,300,18.16
ITG,20140304,11:31:33.328,D,@,200,18.16
ITG,20140304,11:31:47.894,K,F,100,18.16
ITG,20140304,11:31:47.894,K,F,100,18.16
ITG,20140304,11:31:47.894,T,@,100,18.16
ITG,20140304,11:32:07.095,T,F,100,18.15
ITG,20140304,11:32:07.096,T,@,200,18.15
ITG,20140304,11:32:07.096,T,@,100,18.15
ITG,20140304,11:32:07.096,N,@,200,18.15
ITG,20140304,11:32:07.270,T,F,100,18.15
ITG,20140304,11:32:10.913,N,@,100,18.14
ITG,20140304,11:32:10.914,K,@,100,18.14
ITG,20140304,11:34:02.532,J,F,100,18.14
ITG,20140304,11:34:20.194,T,@,100,18.14
ITG,20140304,11:34:20.194,T,I,80,18.14
ITG,20140304,11:34:20.194,Z,I,80,18.14
ITG,20140304,11:34:20.194,P,@,100,18.14
ITG,20140304,11:34:20.194,Z,F I,20,18.14
ITG,20140304,11:34:20.194,P,I,60,18.14
ITG,20140304,11:34:20.194,P,F I,40,18.14
ITG,20140304,11:34:20.195,T,F I,20,18.14
ITG,20140304,11:34:20.580,N,@,100,18.14
ITG,20140304,11:34:56.434,B,@,100,18.14
ITG,20140304,11:34:56.434,T,F,200,18.14
ITG,20140304,11:34:56.434,P,@,100,18.14
ITG,20140304,11:34:56.434,T,@,100,18.14
ITG,20140304,11:34:56.434,Z,@,100,18.14
ITG,20140304,11:34:56.434,K,@,100,18.14
ITG,20140304,11:34:56.434,N,@,100,18.14
ITG,20140304,11:34:56.434,N,@,259,18.14
ITG,20140304,11:34:56.434,K,@,195,18.14
ITG,20140304,11:34:56.435,K,@,100,18.14
ITG,20140304,11:34:56.435,K,@,105,18.14
ITG,20140304,11:34:56.917,T,F,100,18.13
ITG,20140304,11:34:56.921,Z,F,100,18.13
ITG,20140304,11:34:57.129,T,@,100,18.13
ITG,20140304,11:34:57.129,T,@,100,18.13
ITG,20140304,11:34:57.131,D,@,100,18.12
ITG,20140304,11:34:57.250,N,@,200,18.12
ITG,20140304,11:34:57.250,T,F,100,18.12
ITG,20140304,11:34:57.251,Z,F,100,18.12
ITG,20140304,11:34:57.255,T,@,100,18.12
ITG,20140304,11:34:57.259,T,@,100,18.12
ITG,20140304,11:34:57.266,N,@,100,18.11
ITG,20140304,11:34:57.362,D,@,100,18.12
ITG,20140304,11:35:00.659,N,@,100,18.12
ITG,20140304,11:35:44.789,T,@,100,18.12
ITG,20140304,11:35:44.789,J,I,70,18.12
ITG,20140304,11:36:28.273,T,@,100,18.125
ITG,20140304,11:36:46.212,T,F,100,18.12
ITG,20140304,11:36:46.212,K,F,200,18.12
ITG,20140304,11:36:46.212,P,F,100,18.12
ITG,20140304,11:36:46.212,T,F,100,18.12
ITG,20140304,11:36:46.212,T,F I,78,18.12
ITG,20140304,11:36:46.212,K,F,100,18.12
ITG,20140304,11:36:46.212,T,F I,22,18.12
ITG,20140304,11:36:46.212,T,F,100,18.12
ITG,20140304,11:36:46.212,T,F,136,18.12
ITG,20140304,11:36:46.213,T,F I,61,18.12
ITG,20140304,11:36:46.213,N,F,100,18.12
ITG,20140304,11:36:46.213,T,F I,3,18.12
ITG,20140304,11:36:46.213,J,I,30,18.12
ITG,20140304,11:36:46.254,B,F,100,18.11
ITG,20140304,11:36:53.522,T,I,19,18.09
ITG,20140304,11:37:31.862,J,F I,3,18.11
ITG,20140304,11:38:00.638,K,@,100,18.09
ITG,20140304,11:38:30.649,D,@,100,18.0875
ITG,20140304,11:38:33.704,D,@,100,18.09
ITG,20140304,11:38:36.377,T,@,100,18.085
ITG,20140304,11:39:24.972,Z,F,100,18.09
ITG,20140304,11:39:24.972,Z,F,100,18.09
ITG,20140304,11:39:24.972,Z,F,100,18.09
ITG,20140304,11:39:24.972,K,F,100,18.09
ITG,20140304,11:39:24.973,N,F,200,18.1
ITG,20140304,11:39:24.974,Z,F,100,18.1
ITG,20140304,11:39:24.974,T,@,100,18.1
ITG,20140304,11:39:24.974,T,@,100,18.1
ITG,20140304,11:39:24.974,J,I,67,18.1
ITG,20140304,11:39:24.981,D,@,100,18.1
ITG,20140304,11:39:25.085,D,@,100,18.09
ITG,20140304,11:39:31.002,N,@,100,18.093
ITG,20140304,11:39:31.037,P,F,100,18.09
ITG,20140304,11:39:31.049,T,F,100,18.09
ITG,20140304,11:39:31.049,T,F,300,18.09
ITG,20140304,11:39:31.049,T,F,100,18.09
ITG,20140304,11:39:31.054,D,@,100,18.092
ITG,20140304,11:39:31.064,D,@,100,18.091
ITG,20140304,11:39:31.065,D,@,300,18.091
ITG,20140304,11:39:31.065,D,@,100,18.091
ITG,20140304,11:39:31.068,T,@,100,18.09
ITG,20140304,11:39:31.068,T,@,100,18.09
ITG,20140304,11:39:31.068,T,@,100,18.09
ITG,20140304,11:39:31.068,T,@,100,18.09
ITG,20140304,11:39:31.068,T,F I,65,18.09
ITG,20140304,11:39:31.081,T,F I,35,18.09
ITG,20140304,11:39:31.081,T,F,100,18.09
ITG,20140304,11:39:31.081,T,F,400,18.08
ITG,20140304,11:39:31.081,T,F,100,18.08
ITG,20140304,11:39:31.081,T,F,100,18.08
ITG,20140304,11:39:31.081,T,F I,19,18.08
ITG,20140304,11:39:31.081,T,F I,46,18.08
ITG,20140304,11:39:31.104,D,@,1500,18.094
ITG,20140304,11:39:31.110,N,@,100,18.09
ITG,20140304,11:39:37.025,P,@,100,18.09
ITG,20140304,11:40:22.240,B,@,100,18.08
ITG,20140304,11:40:28.262,D,@,100,18.08
ITG,20140304,11:40:32.314,D,@,100,18.08
ITG,20140304,11:40:36.727,K,@,100,18.08
ITG,20140304,11:40:36.728,T,F I,46,18.08
ITG,20140304,11:40:40.553,J,@,100,18.1
ITG,20140304,11:40:48.253,K,@,100,18.08
ITG,20140304,11:40:48.253,K,F I,18,18.08
ITG,20140304,11:40:48.253,T,F I,32,18.08
ITG,20140304,11:40:49.894,K,@,400,18.08
ITG,20140304,11:40:49.894,K,I,82,18.08
ITG,20140304,11:40:49.894,T,I,76,18.08
ITG,20140304,11:40:49.895,T,@,100,18.08
ITG,20140304,11:40:49.895,K,F I,97,18.08
ITG,20140304,11:40:49.998,K,F,100,18.08
ITG,20140304,11:40:50.024,K,@,403,18.08
ITG,20140304,11:40:50.024,K,F I,10,18.08
ITG,20140304,11:40:52.415,K,@,100,18.08
ITG,20140304,11:40:54.261,K,@,300,18.08
ITG,20140304,11:40:54.261,K,F I,8,18.08
ITG,20140304,11:40:54.301,T,F I,36,18.08
ITG,20140304,11:40:54.302,K,F I,64,18.08
ITG,20140304,11:41:04.426,J,@,100,18.08
ITG,20140304,11:41:06.037,D,I,10,18.07
ITG,20140304,11:41:07.204,J,@,500,18.08
ITG,20140304,11:41:11.889,J,@,700,18.08
ITG,20140304,11:41:14.621,B,@,100,18.07
ITG,20140304,11:41:17.105,J,@,100,18.09
ITG,20140304,11:41:19.978,N,@,100,18.09
ITG,20140304,11:41:28.492,D,@,100,18.1
ITG,20140304,11:41:32.334,K,@,100,18.1
ITG,20140304,11:41:32.334,T,@,100,18.1
ITG,20140304,11:41:32.334,Z,@,100,18.1
ITG,20140304,11:41:41.614,K,@,100,18.12
ITG,20140304,11:41:41.617,J,F,100,18.12
ITG,20140304,11:41:41.617,J,F,100,18.12
ITG,20140304,11:41:52.263,K,@,100,18.12
ITG,20140304,11:42:02.972,P,F,100,18.12
ITG,20140304,11:42:14.199,J,@,100,18.12
ITG,20140304,11:42:16.101,J,@,100,18.12
ITG,20140304,11:42:18.935,J,@,200,18.12
ITG,20140304,11:42:33.117,N,@,100,18.12
ITG,20140304,11:42:35.316,N,@,100,18.12
ITG,20140304,11:42:39.120,K,@,100,18.13
ITG,20140304,11:42:39.120,K,F,300,18.13
ITG,20140304,11:42:39.120,K,F,400,18.13
ITG,20140304,11:42:39.120,K,@,282,18.13
ITG,20140304,11:42:39.120,K,@,200,18.13
ITG,20140304,11:42:40.295,D,F,690,18.13
ITG,20140304,11:42:44.724,N,@,100,18.14
ITG,20140304,11:42:52.670,J,@,100,18.13
ITG,20140304,11:42:57.029,D,@,100,18.14
ITG,20140304,11:43:08.007,J,@,100,18.14
ITG,20140304,11:43:12.631,D,@,100,18.16
ITG,20140304,11:43:19.127,D,@,100,18.155
ITG,20140304,11:43:51.167,P,F,100,18.16
ITG,20140304,11:43:51.167,P,I,40,18.16
ITG,20140304,11:44:12.246,K,F,600,18.17
ITG,20140304,11:44:12.246,K,F,622,18.17
ITG,20140304,11:44:12.246,K,@,778,18.17
ITG,20140304,11:44:12.246,K,@,100,18.17
ITG,20140304,11:44:24.305,D,@,294,18.16
ITG,20140304,11:44:46.812,T,@,100,18.17
ITG,20140304,11:44:46.812,Z,@,100,18.17
ITG,20140304,11:44:46.812,N,@,100,18.17
ITG,20140304,11:45:11.797,T,F,100,18.19
ITG,20140304,11:45:11.905,D,@,100,18.19
ITG,20140304,11:45:33.440,P,F,100,18.21
ITG,20140304,11:45:33.440,P,F,100,18.21
ITG,20140304,11:45:35.831,K,F,200,18.21
ITG,20140304,11:45:35.832,N,F,300,18.21
ITG,20140304,11:45:35.832,B,I,83,18.21
ITG,20140304,11:45:45.425,P,@,100,18.21
ITG,20140304,11:45:45.425,J,@,100,18.21
ITG,20140304,11:45:45.425,T,@,100,18.21
ITG,20140304,11:45:45.426,T,@,100,18.21
ITG,20140304,11:45:45.426,T,@,100,18.21
ITG,20140304,11:45:45.428,D,@,100,18.21
ITG,20140304,11:45:45.443,K,@,100,18.2
ITG,20140304,11:46:06.856,K,I,81,18.19
ITG,20140304,11:46:06.856,Z,F,100,18.19
ITG,20140304,11:46:06.856,K,F,219,18.19
ITG,20140304,11:46:06.856,T,F,300,18.19
ITG,20140304,11:46:06.857,N,F,300,18.19
ITG,20140304,11:46:06.929,T,F,200,18.19
ITG,20140304,11:46:06.929,K,F,100,18.19
ITG,20140304,11:46:06.929,N,F,100,18.19
ITG,20140304,11:46:48.901,T,@,100,18.18
ITG,20140304,11:46:58.201,D,@,100,18.18
ITG,20140304,11:47:33.961,D,@,100,18.18
ITG,20140304,11:48:01.680,J,F,100,18.19
ITG,20140304,11:48:01.680,P,F,100,18.19
ITG,20140304,11:48:01.680,T,F,100,18.18
ITG,20140304,11:48:01.680,T,I,83,18.19
ITG,20140304,11:48:01.680,T,F I,17,18.19
ITG,20140304,11:48:01.680,Z,@,100,18.19
ITG,20140304,11:48:01.680,N,F,100,18.19
ITG,20140304,11:48:01.686,D,@,100,18.19
ITG,20140304,11:48:01.687,D,@,100,18.19
ITG,20140304,11:48:01.694,K,F,331,18.2
ITG,20140304,11:48:01.781,D,@,100,18.19
ITG,20140304,11:48:03.249,N,@,100,18.2
ITG,20140304,11:48:27.978,Z,F,100,18.21
ITG,20140304,11:48:27.978,K,F,100,18.21
ITG,20140304,11:48:27.978,Z,F,100,18.21
ITG,20140304,11:48:27.978,T,F,100,18.21
ITG,20140304,11:48:51.007,D,@,200,18.23
ITG,20140304,11:48:52.394,D,@,100,18.2275
ITG,20140304,11:48:52.706,T,F,100,18.24
ITG,20140304,11:48:52.706,T,F I,29,18.24
ITG,20140304,11:48:52.706,T,F,100,18.24
ITG,20140304,11:48:52.706,T,F,100,18.24
ITG,20140304,11:48:52.706,N,F,200,18.24
ITG,20140304,11:48:52.707,N,@,100,18.24
ITG,20140304,11:48:52.715,D,@,100,18.24
ITG,20140304,11:48:57.995,J,F,100,18.24
ITG,20140304,11:48:57.995,B,F,100,18.24
ITG,20140304,11:48:57.995,K,F,100,18.24
ITG,20140304,11:48:57.995,T,F I,54,18.24
ITG,20140304,11:48:57.995,T,F I,46,18.24
ITG,20140304,11:48:57.995,T,I,54,18.24
ITG,20140304,11:49:18.750,P,F,100,18.24
ITG,20140304,11:49:18.750,P,F,100,18.24
ITG,20140304,11:49:18.750,P,F,100,18.24
ITG,20140304,11:49:18.750,B,F,100,18.24
ITG,20140304,11:49:18.757,D,@,100,18.24
ITG,20140304,11:49:58.128,K,F,100,18.245
ITG,20140304,11:49:58.129,K,F,100,18.25
ITG,20140304,11:49:58.129,T,F,100,18.25
ITG,20140304,11:50:15.600,Z,F,100,18.27
ITG,20140304,11:50:15.600,Z,F,100,18.27
ITG,20140304,11:50:15.600,T,F,100,18.27
ITG,20140304,11:50:15.601,T,F,100,18.27
ITG,20140304,11:50:15.628,D,@,100,18.27
ITG,20140304,11:50:35.446,T,F,100,18.28
ITG,20140304,11:50:35.446,T,F,100,18.28
ITG,20140304,11:50:35.446,T,F,100,18.28
ITG,20140304,11:50:35.447,N,@,100,18.28
ITG,20140304,11:50:52.726,T,@,100,18.28
ITG,20140304,11:51:09.020,P,I,2,18.28
ITG,20140304,11:51:18.083,Z,F,100,18.28
ITG,20140304,11:51:22.237,K,F,100,18.28
ITG,20140304,11:51:22.238,P,F I,98,18.28
ITG,20140304,11:51:39.050,T,F,100,18.29
ITG,20140304,11:51:39.050,K,F,551,18.29
ITG,20140304,11:51:39.050,K,F,200,18.29
ITG,20140304,11:51:39.076,K,F,249,18.29
ITG,20140304,11:51:40.271,T,F,100,18.3
ITG,20140304,11:51:40.416,T,F,100,18.3
ITG,20140304,11:51:40.417,T,F,100,18.3
ITG,20140304,11:52:01.870,K,F,100,18.32
ITG,20140304,11:52:01.871,K,F,100,18.32
ITG,20140304,11:52:01.871,N,F,100,18.32
ITG,20140304,11:52:01.874,T,F,100,18.315
ITG,20140304,11:52:02.425,D,@,100,18.31
ITG,20140304,11:52:13.825,T,F,100,18.3
ITG,20140304,11:52:13.825,T,@,100,18.3
ITG,20140304,11:52:13.825,N,F,100,18.3
ITG,20140304,11:52:13.854,K,F,100,18.29
ITG,20140304,11:52:21.294,T,F,100,18.3
ITG,20140304,11:52:26.523,P,F,100,18.31
ITG,20140304,11:52:26.523,T,F,100,18.31
ITG,20140304,11:52:49.298,D,@,100,18.32
ITG,20140304,11:52:49.299,D,@,100,18.32
ITG,20140304,11:52:49.301,B,F,100,18.32
ITG,20140304,11:52:49.305,P,F,100,18.32
ITG,20140304,11:52:49.306,N,F I,99,18.32
ITG,20140304,11:52:49.309,D,@,100,18.32
ITG,20140304,11:52:49.318,D,@,100,18.32
ITG,20140304,11:52:55.321,P,I,52,18.32
ITG,20140304,11:52:55.321,T,@,100,18.32
ITG,20140304,11:52:55.432,D,@,100,18.32
ITG,20140304,11:52:58.103,T,I,24,18.32
ITG,20140304,11:53:13.321,N,@,100,18.32
ITG,20140304,11:53:14.972,T,@,100,18.32
ITG,20140304,11:53:14.972,P,F I,76,18.32
ITG,20140304,11:53:27.599,T,@,100,18.32
ITG,20140304,11:53:40.773,D,@,100,18.32
ITG,20140304,11:53:50.294,T,F,100,18.33
ITG,20140304,11:53:53.191,N,F,100,18.34
ITG,20140304,11:53:54.473,D,@,100,18.34
ITG,20140304,11:53:55.866,N,@,100,18.34
ITG,20140304,11:53:57.952,B,F,100,18.34
ITG,20140304,11:53:57.952,N,F,100,18.34
ITG,20140304,11:53:57.953,J,F,100,18.34
ITG,20140304,11:53:59.932,B,@,100,18.33
ITG,20140304,11:53:59.933,T,@,100,18.33
ITG,20140304,11:53:59.933,T,@,100,18.33
ITG,20140304,11:53:59.933,T,@,100,18.33
ITG,20140304,11:53:59.933,T,@,100,18.33
ITG,20140304,11:53:59.933,N,@,100,18.33
ITG,20140304,11:53:59.934,N,@,200,18.33
ITG,20140304,11:53:59.958,N,@,100,18.32
ITG,20140304,11:53:59.965,D,@,100,18.31
ITG,20140304,11:54:00.040,T,@,100,18.31
ITG,20140304,11:54:05.323,T,F,200,18.31
ITG,20140304,11:54:05.323,K,@,100,18.31
ITG,20140304,11:54:05.323,T,I,2,18.31
ITG,20140304,11:54:05.341,T,F I,19,18.29
ITG,20140304,11:54:05.341,T,F I,75,18.29
ITG,20140304,11:54:14.865,T,F I,19,18.28
ITG,20140304,11:54:14.865,T,F,100,18.28
ITG,20140304,11:54:14.865,T,F,100,18.28
ITG,20140304,11:54:14.866,N,F,100,18.28
ITG,20140304,11:54:14.870,Y,F I,42,18.27
ITG,20140304,11:54:57.428,D,@,100,18.3
ITG,20140304,11:55:27.934,D,@,100,18.2925
ITG,20140304,11:56:23.258,D,@,100,18.285
ITG,20140304,11:56:43.133,J,F,100,18.29
ITG,20140304,11:56:43.133,T,F,100,18.29
ITG,20140304,11:56:43.133,P,F,100,18.29
ITG,20140304,11:56:43.134,K,@,100,18.28
ITG,20140304,11:56:43.134,N,F,200,18.29
ITG,20140304,11:56:43.158,D,@,100,18.29
ITG,20140304,11:56:43.246,D,@,100,18.29
ITG,20140304,11:56:44.007,Z,F,100,18.3
ITG,20140304,11:56:44.007,T,I,70,18.3
ITG,20140304,11:56:44.008,Z,F,100,18.3
ITG,20140304,11:57:00.400,T,@,100,18.32
ITG,20140304,11:57:00.514,K,@,100,18.31
ITG,20140304,11:57:00.549,N,@,100,18.32
ITG,20140304,11:57:03.118,D,@,100,18.33
ITG,20140304,11:57:19.266,D,@,100,18.3125
ITG,20140304,11:58:18.712,K,F,100,18.34
ITG,20140304,11:58:30.273,D,I,1,18.34
ITG,20140304,11:59:03.382,T,@,100,18.35
ITG,20140304,11:59:03.383,N,@,100,18.35
ITG,20140304,11:59:03.406,T,@,100,18.35
ITG,20140304,11:59:04.479,B,F,100,18.34
ITG,20140304,11:59:04.479,J,F,100,18.34
ITG,20140304,11:59:04.479,T,@,100,18.34
ITG,20140304,11:59:04.479,T,@,100,18.34
ITG,20140304,11:59:04.479,Z,I,26,18.34
ITG,20140304,11:59:04.499,N,@,100,18.33
ITG,20140304,11:59:12.603,D,@,100,18.34
ITG,20140304,11:59:22.388,D,I,32,18.32
ITG,20140304,11:59:22.404,D,I,68,18.32
ITG,20140304,11:59:37.483,T,@,100,18.33
ITG,20140304,11:59:41.534,Z,@,100,18.33
ITG,20140304,12:00:16.317,D,@,100,18.33
ITG,20140304,12:01:19.098,D,@,100,18.33
ITG,20140304,12:01:50.298,D,@,100,18.34
ITG,20140304,12:01:50.925,D,@,6100,18.33
ITG,20140304,12:02:11.005,D,@,100,18.32
ITG,20140304,12:02:11.051,Z,F I,37,18.32
ITG,20140304,12:02:11.052,N,F,300,18.32
ITG,20140304,12:02:11.052,T,F,100,18.32
ITG,20140304,12:02:11.052,T,F,100,18.32
ITG,20140304,12:02:11.150,Z,F,100,18.3
ITG,20140304,12:02:11.151,K,F,100,18.3
ITG,20140304,12:02:11.151,T,F,100,18.29
ITG,20140304,12:02:11.151,T,F,100,18.29
ITG,20140304,12:02:11.151,T,F I,30,18.28
ITG,20140304,12:02:11.163,D,@,100,18.29
ITG,20140304,12:02:12.156,D,I,1,18.32
ITG,20140304,12:02:21.248,T,F I,36,18.27
ITG,20140304,12:02:21.248,T,F,100,18.27
ITG,20140304,12:02:21.248,T,F,100,18.27
ITG,20140304,12:02:21.248,T,F,100,18.27
ITG,20140304,12:02:21.248,N,F,400,18.27
ITG,20140304,12:02:21.274,T,F I,27,18.25
ITG,20140304,12:02:21.274,N,F,200,18.25
ITG,20140304,12:02:21.274,T,F I,9,18.25
ITG,20140304,12:02:21.275,T,@,100,18.25
ITG,20140304,12:02:21.315,T,I,36,18.24
ITG,20140304,12:02:22.296,T,I,36,18.22
ITG,20140304,12:02:25.833,N,@,400,18.23
ITG,20140304,12:02:25.834,T,@,100,18.23
ITG,20140304,12:02:25.834,T,@,100,18.22
ITG,20140304,12:02:28.990,P,@,100,18.22
ITG,20140304,12:02:28.990,T,I,36,18.22
ITG,20140304,12:02:28.990,T,@,100,18.22
ITG,20140304,12:02:39.919,K,@,100,18.23
ITG,20140304,12:02:47.253,N,F,100,18.24
ITG,20140304,12:02:47.259,D,@,100,18.24
ITG,20140304,12:03:09.232,K,F,100,18.24
ITG,20140304,12:04:20.167,P,@,100,18.23
ITG,20140304,12:04:20.168,N,@,100,18.23
ITG,20140304,12:04:20.168,T,@,100,18.23
ITG,20140304,12:04:27.116,T,@,100,18.22
ITG,20140304,12:04:27.117,J,@,100,18.22
ITG,20140304,12:05:42.017,Z,@,100,18.23
ITG,20140304,12:06:01.279,D,@,100,18.23
ITG,20140304,12:06:13.931,N,@,100,18.223
ITG,20140304,12:06:13.959,T,F,100,18.22
ITG,20140304,12:06:13.959,T,F,100,18.22
ITG,20140304,12:06:13.959,N,@,100,18.22
ITG,20140304,12:06:13.978,D,@,100,18.222
ITG,20140304,12:06:13.978,D,@,100,18.222
ITG,20140304,12:06:13.986,D,@,300,18.191
ITG,20140304,12:06:13.986,T,F,100,18.19
ITG,20140304,12:06:13.986,T,F,100,18.19
ITG,20140304,12:06:13.986,T,F I,20,18.19
ITG,20140304,12:06:14.027,T,F I,20,18.17
ITG,20140304,12:06:14.038,N,@,160,18.161
ITG,20140304,12:06:14.058,D,@,400,18.166
ITG,20140304,12:06:14.059,D,@,600,18.166
ITG,20140304,12:06:43.631,B,@,100,18.165
ITG,20140304,12:06:51.453,T,I,30,18.14
ITG,20140304,12:08:12.516,Z,F,100,18.16
ITG,20140304,12:08:21.607,D,@,100,18.16
ITG,20140304,12:09:32.693,D,@,100,18.16
ITG,20140304,12:09:41.887,J,@,100,18.16
ITG,20140304,12:09:41.887,Z,@,100,18.16
ITG,20140304,12:09:41.995,Z,F,100,18.16
ITG,20140304,12:09:43.254,N,@,100,18.17
ITG,20140304,12:10:06.913,D,@,100,18.17
ITG,20140304,12:11:46.555,K,F I,30,18.18
ITG,20140304,12:11:46.555,K,F I,70,18.18
ITG,20140304,12:11:46.555,K,F,100,18.18
ITG,20140304,12:11:46.555,K,F,100,18.18
ITG,20140304,12:11:46.555,K,F I,70,18.18
ITG,20140304,12:11:46.771,D,I,90,18.179
ITG,20140304,12:11:47.484,B,F,100,18.19
ITG,20140304,12:11:48.603,D,@,100,18.19
ITG,20140304,12:11:50.142,D,@,100,18.19
ITG,20140304,12:12:00.166,D,@,100,18.1832
ITG,20140304,12:12:12.296,T,@,100,18.2
ITG,20140304,12:12:12.296,N,@,100,18.2
ITG,20140304,12:12:12.297,T,F I,30,18.2
ITG,20140304,12:12:54.964,T,F I,70,18.2
ITG,20140304,12:14:09.228,B,@,100,18.21
ITG,20140304,12:14:41.336,T,@,100,18.23
ITG,20140304,12:14:41.336,T,@,100,18.23
ITG,20140304,12:14:41.336,T,F,100,18.23
ITG,20140304,12:14:41.673,Z,F,100,18.23
ITG,20140304,12:14:41.673,T,F,100,18.23
ITG,20140304,12:16:56.152,D,@,100,18.24
ITG,20140304,12:16:58.203,D,@,100,18.24
ITG,20140304,12:17:00.398,D,@,100,18.24
ITG,20140304,12:17:02.869,T,I,30,18.24
ITG,20140304,12:17:02.990,T,F,100,18.24
ITG,20140304,12:17:05.230,D,@,100,18.24
ITG,20140304,12:17:11.958,T,@,100,18.25
ITG,20140304,12:17:11.958,T,@,100,18.25
ITG,20140304,12:17:11.958,Z,F,100,18.25
ITG,20140304,12:17:11.958,Z,F,100,18.25
ITG,20140304,12:17:11.959,Z,F,100,18.25
ITG,20140304,12:17:25.487,B,@,100,18.24
ITG,20140304,12:17:25.487,T,F,100,18.24
ITG,20140304,12:17:25.487,T,F,100,18.24
ITG,20140304,12:17:25.487,T,F,100,18.24
ITG,20140304,12:17:25.488,N,@,103,18.24
ITG,20140304,12:17:25.488,N,F I,97,18.24
ITG,20140304,12:17:25.583,N,F,100,18.23
ITG,20140304,12:17:25.584,N,@,100,18.23
ITG,20140304,12:17:25.584,T,I,69,18.23
ITG,20140304,12:17:25.584,K,@,100,18.23
ITG,20140304,12:17:25.584,T,I,29,18.23
ITG,20140304,12:17:25.586,T,F,100,18.22
ITG,20140304,12:17:25.586,T,F,100,18.22
ITG,20140304,12:17:25.586,K,F,100,18.22
ITG,20140304,12:17:25.586,N,I,34,18.22
ITG,20140304,12:17:40.390,P,I,52,18.23
ITG,20140304,12:18:47.078,N,@,100,18.25
ITG,20140304,12:18:52.389,T,F,100,18.23
ITG,20140304,12:18:52.389,N,@,100,18.23
ITG,20140304,12:18:52.402,D,@,100,18.2375
ITG,20140304,12:18:52.465,N,F,100,18.21
ITG,20140304,12:19:27.222,N,F,100,18.22
ITG,20140304,12:19:27.223,T,F,100,18.21
ITG,20140304,12:19:27.223,T,F,100,18.21
ITG,20140304,12:19:27.223,T,F,100,18.22
ITG,20140304,12:20:13.499,B,F,100,18.22
ITG,20140304,12:20:13.500,N,F,100,18.22
ITG,20140304,12:21:03.945,T,F,100,18.23
ITG,20140304,12:21:04.055,D,@,100,18.23
ITG,20140304,12:21:15.091,D,@,100,18.2275
ITG,20140304,12:21:33.568,B,F,100,18.22
ITG,20140304,12:21:33.569,N,F,100,18.22
ITG,20140304,12:21:33.569,T,@,100,18.22
ITG,20140304,12:21:33.591,T,@,100,18.21
ITG,20140304,12:22:24.262,Z,F,100,18.21
ITG,20140304,12:22:36.041,K,@,100,18.21
ITG,20140304,12:23:00.022,T,F,100,18.2
ITG,20140304,12:23:00.022,T,F,100,18.19
ITG,20140304,12:23:00.022,Z,@,100,18.21
ITG,20140304,12:23:00.022,N,@,100,18.2
ITG,20140304,12:23:10.290,N,@,100,18.19
ITG,20140304,12:24:10.496,D,@,100,18.185
ITG,20140304,12:24:45.681,T,F,100,18.19
ITG,20140304,12:24:45.681,T,F,100,18.19
ITG,20140304,12:24:45.681,Z,F,100,18.19
ITG,20140304,12:24:45.681,K,F,100,18.19
ITG,20140304,12:24:45.683,T,F,100,18.2
ITG,20140304,12:24:45.683,P,@,100,18.2
ITG,20140304,12:24:45.683,N,@,100,18.2
ITG,20140304,12:24:45.769,D,@,100,18.19
ITG,20140304,12:26:30.788,D,@,100,18.2
ITG,20140304,12:26:30.790,B,@,100,18.2
ITG,20140304,12:26:30.790,T,F,100,18.2
ITG,20140304,12:26:30.790,Z,@,100,18.21
ITG,20140304,12:26:30.790,B,I,66,18.2
ITG,20140304,12:26:30.790,B,F I,34,18.2
ITG,20140304,12:26:30.790,J,@,100,18.2
ITG,20140304,12:26:30.790,T,F,100,18.2
ITG,20140304,12:26:30.790,T,F I,55,18.2
ITG,20140304,12:26:30.790,T,F,100,18.2
ITG,20140304,12:26:30.790,T,F,100,18.2
ITG,20140304,12:26:30.790,T,F I,30,18.2
ITG,20140304,12:26:30.790,T,F,100,18.2
ITG,20140304,12:26:30.792,T,F,100,18.19
ITG,20140304,12:26:30.792,T,F,100,18.19
ITG,20140304,12:26:30.803,T,F I,20,18.17
ITG,20140304,12:26:30.803,T,F I,19,18.17
ITG,20140304,12:26:30.803,T,F,100,18.17
ITG,20140304,12:26:30.803,T,F,100,18.17
ITG,20140304,12:26:30.803,K,F,100,18.17
ITG,20140304,12:26:30.806,Y,F,100,18.16
ITG,20140304,12:26:30.809,N,F,300,18.16
ITG,20140304,12:26:30.809,P,F I,45,18.19
ITG,20140304,12:26:30.809,P,F,100,18.17
ITG,20140304,12:26:30.810,D,F,200,18.16
ITG,20140304,12:26:30.813,W,F,100,18.16
ITG,20140304,12:26:30.817,T,F I,44,18.16
ITG,20140304,12:26:30.817,T,F I,19,18.16
ITG,20140304,12:26:30.825,T,F I,19,18.15
ITG,20140304,12:26:30.826,N,F,400,18.15
ITG,20140304,12:26:30.837,N,F,659,18.14
ITG,20140304,12:26:30.850,T,@,100,18.14
ITG,20140304,12:26:30.850,N,I,41,18.14
ITG,20140304,12:26:30.850,T,I,19,18.14
ITG,20140304,12:26:30.938,P,@,100,18.13
ITG,20140304,12:26:30.938,Z,@,100,18.13
ITG,20140304,12:26:30.939,N,@,100,18.13
ITG,20140304,12:26:30.939,T,F I,19,18.13
ITG,20140304,12:26:34.257,T,I,19,18.12
ITG,20140304,12:27:23.318,T,@,100,18.135
ITG,20140304,12:27:29.449,T,F,100,18.14
ITG,20140304,12:27:29.450,K,@,100,18.135
ITG,20140304,12:27:29.456,D,@,100,18.14
ITG,20140304,12:27:29.463,D,@,100,18.14
ITG,20140304,12:27:38.656,N,F,100,18.17
ITG,20140304,12:27:38.657,T,@,100,18.17
ITG,20140304,12:27:38.657,P,F,100,18.17
ITG,20140304,12:27:38.657,P,@,100,18.17
ITG,20140304,12:27:38.658,T,F,100,18.17
ITG,20140304,12:27:40.392,D,@,100,18.18
ITG,20140304,12:27:41.790,N,F,200,18.19
ITG,20140304,12:27:41.791,N,@,100,18.19
ITG,20140304,12:27:45.197,Z,@,100,18.195
ITG,20140304,12:27:48.532,N,F,100,18.2
ITG,20140304,12:28:17.758,D,@,100,18.2
ITG,20140304,12:29:25.157,D,@,100,18.2
ITG,20140304,12:29:28.629,J,@,100,18.21
ITG,20140304,12:29:38.040,N,F I,57,18.2
ITG,20140304,12:29:40.315,J,@,100,18.21
ITG,20140304,12:29:45.427,T,@,100,18.21
ITG,20140304,12:29:45.684,N,F I,75,18.2
ITG,20140304,12:29:45.684,N,I,25,18.2
ITG,20140304,12:29:45.685,T,@,100,18.2
ITG,20140304,12:29:45.685,T,@,100,18.2
ITG,20140304,12:30:29.020,D,@,100,18.21
ITG,20140304,12:30:32.234,D,@,100,18.181
ITG,20140304,12:32:17.741,T,F,100,18.2
ITG,20140304,12:32:17.741,T,F,100,18.2
ITG,20140304,12:32:17.741,T,F,100,18.2
ITG,20140304,12:32:32.253,N,F,100,18.19
ITG,20140304,12:32:32.253,N,F,100,18.19
ITG,20140304,12:32:39.476,N,F,100,18.18
ITG,20140304,12:32:39.477,T,F,100,18.18
ITG,20140304,12:32:39.477,P,@,100,18.18
ITG,20140304,12:32:39.478,N,F,100,18.17
ITG,20140304,12:32:39.479,T,@,100,18.17
ITG,20140304,12:32:40.535,K,@,100,18.16
ITG,20140304,12:32:40.536,K,@,900,18.16
ITG,20140304,12:34:52.633,B,@,100,18.16
ITG,20140304,12:34:52.633,T,@,100,18.16
ITG,20140304,12:34:52.633,T,@,100,18.16
ITG,20140304,12:34:52.633,T,@,100,18.16
ITG,20140304,12:34:52.633,Z,@,100,18.16
ITG,20140304,12:34:52.633,N,@,100,18.16
ITG,20140304,12:34:52.635,T,F,100,18.15
ITG,20140304,12:35:05.030,T,@,100,18.14
ITG,20140304,12:35:05.044,T,@,100,18.13
ITG,20140304,12:35:05.044,Z,@,100,18.13
ITG,20140304,12:35:05.045,Z,@,100,18.13
ITG,20140304,12:35:05.045,T,F I,38,18.12
ITG,20140304,12:35:05.050,T,@,100,18.11
ITG,20140304,12:35:05.050,T,F I,38,18.11
ITG,20140304,12:35:05.050,Y,@,100,18.1
ITG,20140304,12:35:08.685,T,@,100,18.09
ITG,20140304,12:35:08.685,T,@,100,18.1
ITG,20140304,12:35:08.685,T,@,100,18.1
ITG,20140304,12:35:08.685,T,F,100,18.1
ITG,20140304,12:35:10.251,P,F,100,18.11
ITG,20140304,12:35:10.251,T,F,100,18.11
ITG,20140304,12:35:10.252,N,F,100,18.11
ITG,20140304,12:35:10.252,T,F,100,18.11
ITG,20140304,12:35:10.318,T,@,100,18.12
ITG,20140304,12:36:29.425,T,F,100,18.12
ITG,20140304,12:36:29.425,T,F,100,18.12
ITG,20140304,12:36:56.629,D,@,200,18.1002
ITG,20140304,12:37:02.285,K,@,100,18.11
ITG,20140304,12:37:02.286,T,F,100,18.12
ITG,20140304,12:37:02.286,N,F,100,18.12
ITG,20140304,12:37:02.357,D,@,100,18.12
ITG,20140304,12:37:29.278,N,@,100,18.14
ITG,20140304,12:38:22.803,P,F,100,18.14
ITG,20140304,12:39:10.655,D,@,100,18.16
ITG,20140304,12:39:11.829,D,@,100,18.155
ITG,20140304,12:40:12.173,D,@,100,18.15
ITG,20140304,12:41:06.668,B,F,100,18.14
ITG,20140304,12:41:06.822,D,I,40,18.1401
ITG,20140304,12:41:12.783,T,@,100,18.16
ITG,20140304,12:41:12.783,P,@,100,18.16
ITG,20140304,12:41:12.784,N,@,100,18.16
ITG,20140304,12:41:12.892,D,@,100,18.16
ITG,20140304,12:41:12.895,N,@,100,18.16
ITG,20140304,12:41:14.776,Z,F,100,18.15
ITG,20140304,12:41:14.776,T,F,100,18.15
ITG,20140304,12:41:14.776,T,F,100,18.15
ITG,20140304,12:41:14.776,T,F,100,18.15
ITG,20140304,12:42:37.305,D,@,100,18.1325
ITG,20140304,12:43:26.945,T,F,100,18.13
ITG,20140304,12:43:51.873,D,@,100,18.125
ITG,20140304,12:44:24.761,J,F,100,18.13
ITG,20140304,12:44:24.766,D,@,100,18.13
ITG,20140304,12:44:54.778,T,@,100,18.13
ITG,20140304,12:44:54.778,T,F,100,18.13
ITG,20140304,12:44:54.778,T,F,100,18.13
ITG,20140304,12:44:54.779,N,F I,33,18.13
ITG,20140304,12:44:54.779,N,F,100,18.14
ITG,20140304,12:45:06.149,T,F,100,18.16
ITG,20140304,12:45:06.149,N,F,100,18.16
ITG,20140304,12:45:06.149,T,@,100,18.16
ITG,20140304,12:45:06.820,D,@,100,18.1575
ITG,20140304,12:45:39.007,T,I,99,18.16
ITG,20140304,12:45:39.007,N,@,100,18.16
ITG,20140304,12:45:39.008,T,F I,1,18.16
ITG,20140304,12:46:13.264,B,@,100,18.17
ITG,20140304,12:48:36.841,B,@,100,18.2
ITG,20140304,12:48:36.843,N,@,100,18.2
ITG,20140304,12:48:37.779,D,@,100,18.195
ITG,20140304,12:48:39.583,D,@,100,18.19
ITG,20140304,12:48:41.381,Z,F,100,18.18
ITG,20140304,12:48:41.381,B,F,100,18.18
ITG,20140304,12:48:41.381,T,F,100,18.18
ITG,20140304,12:48:41.382,N,F,100,18.18
ITG,20140304,12:51:11.663,N,F,400,18.18
ITG,20140304,12:51:11.664,T,@,100,18.18
ITG,20140304,12:51:11.664,T,@,100,18.18
ITG,20140304,12:51:11.670,P,I,6,18.17
ITG,20140304,12:51:11.670,T,F,100,18.17
ITG,20140304,12:51:15.192,K,@,100,18.17
ITG,20140304,12:51:15.192,N,@,100,18.17
ITG,20140304,12:51:15.350,N,F,100,18.17
ITG,20140304,12:51:21.553,K,@,100,18.17
ITG,20140304,12:51:21.553,T,I,31,18.17
ITG,20140304,12:51:21.553,N,@,100,18.17
ITG,20140304,12:51:36.464,T,@,100,18.17
ITG,20140304,12:52:27.295,J,F,100,18.18
ITG,20140304,12:52:27.295,K,F I,38,18.18
ITG,20140304,12:52:27.295,K,I,62,18.18
ITG,20140304,12:52:27.308,N,@,100,18.163
ITG,20140304,12:52:27.324,D,@,400,18.171
ITG,20140304,12:52:27.325,B,F,100,18.16
ITG,20140304,12:52:27.362,N,F,100,18.17
ITG,20140304,12:52:27.436,Z,F,100,18.16
ITG,20140304,12:52:27.447,K,F,100,18.16
ITG,20140304,12:52:27.447,K,F,100,18.16
ITG,20140304,12:52:27.447,T,F,100,18.16
ITG,20140304,12:52:27.470,N,F,100,18.15
ITG,20140304,12:54:07.353,J,I,43,18.15
ITG,20140304,12:54:57.982,D,@,100,18.145
ITG,20140304,12:55:06.363,Z,I,30,18.14
ITG,20140304,12:55:06.366,D,@,470,18.131
ITG,20140304,12:55:06.368,B,F,100,18.13
ITG,20140304,12:55:06.369,D,@,400,18.131
ITG,20140304,12:55:06.380,D,@,100,18.132
ITG,20140304,12:55:06.381,N,F,200,18.13
ITG,20140304,12:55:06.382,P,@,100,18.13
ITG,20140304,12:55:06.382,T,@,100,18.13
ITG,20140304,12:55:06.384,P,F I,32,18.13
ITG,20140304,12:55:06.387,N,F,100,18.12
ITG,20140304,12:55:06.410,D,@,300,18.106
ITG,20140304,12:55:06.420,D,@,500,18.106
ITG,20140304,12:55:12.208,N,@,300,18.09
ITG,20140304,12:55:12.209,P,@,100,18.09
ITG,20140304,12:55:12.209,T,F I,34,18.09
ITG,20140304,12:55:12.209,P,I,94,18.09
ITG,20140304,12:55:12.209,P,F I,6,18.09
ITG,20140304,12:55:12.209,J,@,100,18.09
ITG,20140304,12:56:02.606,N,@,100,18.09
ITG,20140304,12:56:02.608,T,F,100,18.09
ITG,20140304,12:56:02.608,P,@,100,18.09
ITG,20140304,12:56:02.608,K,F,100,18.09
ITG,20140304,12:56:02.608,J,I,57,18.09
ITG,20140304,12:56:02.608,N,@,100,18.09
ITG,20140304,12:56:25.239,J,F,100,18.11
ITG,20140304,12:56:25.239,Z,F,100,18.11
ITG,20140304,12:56:25.239,Z,@,100,18.11
ITG,20140304,12:58:13.268,D,@,100,18.1148
ITG,20140304,12:58:19.292,T,F I,54,18.12
ITG,20140304,12:58:19.306,N,@,200,18.111
ITG,20140304,12:58:19.335,B,F,100,18.11
ITG,20140304,12:58:19.347,T,F,100,18.11
ITG,20140304,12:58:19.347,T,F,100,18.11
ITG,20140304,12:58:19.348,N,I,40,18.11
ITG,20140304,12:58:22.070,N,F,100,18.1
ITG,20140304,12:58:22.071,T,F I,34,18.1
ITG,20140304,12:58:39.478,J,F,100,18.11
ITG,20140304,12:58:39.480,N,F,100,18.11
ITG,20140304,12:58:39.480,T,F I,40,18.11
ITG,20140304,12:58:39.480,T,F I,60,18.11
ITG,20140304,12:58:39.481,T,F,100,18.11
ITG,20140304,12:58:39.516,B,@,100,18.105
ITG,20140304,12:58:39.531,N,F I,46,18.11
ITG,20140304,12:59:24.508,J,F,100,18.12
ITG,20140304,12:59:24.512,T,F,100,18.12
ITG,20140304,12:59:24.589,T,F,100,18.13
ITG,20140304,12:59:27.926,T,@,100,18.13
ITG,20140304,12:59:28.042,D,@,100,18.13
ITG,20140304,12:59:40.072,N,@,100,18.15
ITG,20140304,12:59:40.156,N,@,100,18.15
ITG,20140304,12:59:44.819,J,@,100,18.16
ITG,20140304,13:02:19.831,T,@,100,18.19
ITG,20140304,13:02:19.832,T,F,100,18.19
ITG,20140304,13:02:20.279,D,@,100,18.19
ITG,20140304,13:02:22.720,D,@,100,18.19
ITG,20140304,13:02:25.832,T,F,100,18.18
ITG,20140304,13:02:25.832,T,F,100,18.18
ITG,20140304,13:02:25.832,T,F I,22,18.18
ITG,20140304,13:02:25.832,P,@,100,18.18
ITG,20140304,13:02:25.832,T,F I,78,18.18
ITG,20140304,13:02:25.832,T,I,8,18.18
ITG,20140304,13:02:25.832,N,F,300,18.18
ITG,20140304,13:02:25.832,K,@,100,18.18
ITG,20140304,13:02:25.832,T,F I,13,18.18
ITG,20140304,13:02:25.833,T,F I,1,18.18
ITG,20140304,13:02:25.833,K,F,100,18.17
ITG,20140304,13:02:25.937,N,F,100,18.16
ITG,20140304,13:02:46.786,D,I,8,18.18
ITG,20140304,13:03:42.828,J,F,100,18.18
ITG,20140304,13:03:44.458,D,@,100,18.1775
ITG,20140304,13:03:46.199,T,F,100,18.19
ITG,20140304,13:04:39.386,D,@,100,18.1825
ITG,20140304,13:05:33.861,D,@,100,18.175
ITG,20140304,13:06:06.930,J,F I,1,18.18
ITG,20140304,13:06:06.931,T,F,100,18.18
ITG,20140304,13:06:06.931,J,I,99,18.18
ITG,20140304,13:06:06.946,B,I,62,18.21
ITG,20140304,13:06:07.040,D,@,100,18.18
ITG,20140304,13:06:14.502,J,F,100,18.2
ITG,20140304,13:06:23.028,B,@,100,18.18
ITG,20140304,13:06:42.473,T,F,100,18.2
ITG,20140304,13:06:43.625,D,@,100,18.1975
ITG,20140304,13:07:39.381,T,F,100,18.19
ITG,20140304,13:07:39.381,T,@,100,18.19
ITG,20140304,13:07:39.381,T,@,100,18.19
ITG,20140304,13:07:39.381,N,I,44,18.19
ITG,20140304,13:07:39.395,N,F,400,18.18
ITG,20140304,13:07:39.409,T,@,100,18.18
ITG,20140304,13:07:39.409,T,@,100,18.18
ITG,20140304,13:07:43.497,D,@,100,18.18
ITG,20140304,13:08:53.818,N,F I,27,18.19
ITG,20140304,13:08:53.821,T,F,100,18.17
ITG,20140304,13:08:53.826,N,F,100,18.19
ITG,20140304,13:10:05.712,D,@,100,18.185
ITG,20140304,13:11:33.541,D,@,100,18.18
ITG,20140304,13:11:48.045,J,F,100,18.19
ITG,20140304,13:11:50.041,T,@,100,18.19
ITG,20140304,13:11:50.068,N,I,6,18.22
ITG,20140304,13:12:07.280,T,F,100,18.21
ITG,20140304,13:12:54.438,D,@,100,18.2075
ITG,20140304,13:13:10.007,T,I,99,18.21
ITG,20140304,13:13:10.007,T,F I,1,18.21
ITG,20140304,13:13:15.446,K,@,100,18.21
ITG,20140304,13:13:15.447,B,F,100,18.21
ITG,20140304,13:13:15.447,T,I,1,18.21
ITG,20140304,13:13:15.447,T,@,100,18.21
ITG,20140304,13:13:15.447,Z,@,100,18.21
ITG,20140304,13:13:15.447,Z,F,100,18.21
ITG,20140304,13:13:15.447,N,@,100,18.21
ITG,20140304,13:13:15.447,N,@,100,18.21
ITG,20140304,13:13:15.449,N,F I,66,18.2
ITG,20140304,13:13:15.449,N,F I,34,18.2
ITG,20140304,13:13:15.450,T,F I,25,18.2
ITG,20140304,13:14:44.619,B,F,100,18.2
ITG,20140304,13:14:44.619,T,@,100,18.2
ITG,20140304,13:14:44.620,N,@,100,18.2
ITG,20140304,13:14:44.621,T,F I,71,18.2
ITG,20140304,13:14:44.633,D,@,100,18.202
ITG,20140304,13:14:44.647,N,F,200,18.19
ITG,20140304,13:14:44.671,T,F,100,18.19
ITG,20140304,13:14:44.712,T,F,100,18.18
ITG,20140304,13:14:44.712,T,F,100,18.18
ITG,20140304,13:14:44.754,D,@,400,18.164
ITG,20140304,13:14:46.171,T,F,100,18.18
ITG,20140304,13:16:37.991,N,F,100,18.2
ITG,20140304,13:16:37.995,T,F,100,18.2
ITG,20140304,13:16:37.996,T,F,100,18.2
ITG,20140304,13:16:38.006,T,F,100,18.2
ITG,20140304,13:16:38.008,N,F I,5,18.22
ITG,20140304,13:16:38.045,D,@,100,18.1925
ITG,20140304,13:16:38.105,D,@,100,18.2
ITG,20140304,13:16:38.105,D,@,100,18.2
ITG,20140304,13:16:41.933,N,F,400,18.18
ITG,20140304,13:16:41.933,T,F I,33,18.18
ITG,20140304,13:16:41.933,T,F I,67,18.18
ITG,20140304,13:16:41.934,T,F,100,18.18
ITG,20140304,13:16:44.989,N,@,100,18.18
ITG,20140304,13:16:44.991,T,F,100,18.18
ITG,20140304,13:16:44.991,P,I,81,18.18
ITG,20140304,13:16:44.991,K,I,5,18.18
ITG,20140304,13:16:44.991,N,@,100,18.18
ITG,20140304,13:16:44.991,N,F I,19,18.18
ITG,20140304,13:16:45.092,K,@,100,18.17
ITG,20140304,13:18:18.809,T,F,100,18.17
ITG,20140304,13:18:18.810,T,F,100,18.17
ITG,20140304,13:18:18.810,T,F,100,18.17
ITG,20140304,13:18:18.915,D,@,100,18.17
ITG,20140304,13:18:18.916,T,F,100,18.17
ITG,20140304,13:18:18.916,T,F,100,18.17
ITG,20140304,13:18:54.992,D,@,100,18.17
ITG,20140304,13:20:35.826,D,@,100,18.17
ITG,20140304,13:20:37.196,D,@,100,18.1675
ITG,20140304,13:21:14.941,T,F,100,18.17
ITG,20140304,13:21:14.941,T,F,100,18.17
ITG,20140304,13:21:14.941,T,F,100,18.17
ITG,20140304,13:21:15.139,Z,F,100,18.18
ITG,20140304,13:21:15.592,N,@,100,18.18
ITG,20140304,13:21:27.421,D,@,100,18.19
ITG,20140304,13:21:27.425,T,@,100,18.19
ITG,20140304,13:21:27.425,N,@,100,18.19
ITG,20140304,13:21:27.426,P,@,100,18.2
ITG,20140304,13:21:27.431,T,@,100,18.2
ITG,20140304,13:21:27.431,P,@,100,18.2
ITG,20140304,13:21:27.432,N,@,100,18.2
ITG,20140304,13:21:29.007,N,F,100,18.2
ITG,20140304,13:21:29.008,N,@,119,18.2
ITG,20140304,13:21:29.063,T,@,100,18.2
ITG,20140304,13:21:29.063,D,@,100,18.2
ITG,20140304,13:21:29.103,K,@,100,18.2
ITG,20140304,13:22:20.697,D,@,100,18.2
ITG,20140304,13:23:25.939,D,@,22900,18.2
ITG,20140304,13:23:25.942,B,@,100,18.2
ITG,20140304,13:23:25.942,K,@,100,18.2
ITG,20140304,13:23:25.942,T,@,100,18.2
ITG,20140304,13:23:25.942,P,@,100,18.2
ITG,20140304,13:23:25.943,N,F,200,18.2
ITG,20140304,13:23:25.944,T,F I,53,18.2
ITG,20140304,13:23:25.944,K,F,100,18.19
ITG,20140304,13:23:25.944,N,F I,66,18.19
ITG,20140304,13:23:25.945,N,F I,81,18.19
ITG,20140304,13:23:25.950,D,@,100,18.2
ITG,20140304,13:23:26.026,T,F,100,18.18
ITG,20140304,13:23:26.026,T,F,100,18.18
ITG,20140304,13:23:26.031,T,I,21,18.17
ITG,20140304,13:23:26.032,N,@,100,18.17
ITG,20140304,13:23:26.033,Y,@,100,18.16
ITG,20140304,13:23:26.034,D,@,300,18.171
ITG,20140304,13:23:26.038,N,@,200,18.16
ITG,20140304,13:23:26.101,J,F I,66,18.17
ITG,20140304,13:23:26.130,T,F,100,18.165
ITG,20140304,13:23:26.202,Y,@,100,18.16
ITG,20140304,13:23:26.202,B,@,100,18.16
ITG,20140304,13:23:26.203,N,@,300,18.16
ITG,20140304,13:24:23.319,D,@,100,18.16
ITG,20140304,13:24:49.315,P,F I,6,18.16
ITG,20140304,13:24:49.469,B,F,100,18.15
ITG,20140304,13:24:49.469,T,F I,94,18.15
ITG,20140304,13:24:49.469,T,I,6,18.15
ITG,20140304,13:24:49.491,T,@,100,18.15
ITG,20140304,13:24:49.492,T,F,100,18.14
ITG,20140304,13:24:49.498,D,@,100,18.16
ITG,20140304,13:25:23.310,Z,@,100,18.145
ITG,20140304,13:25:23.310,T,@,100,18.145
ITG,20140304,13:25:23.310,J,@,100,18.14
ITG,20140304,13:25:23.311,D,@,100,18.1425
ITG,20140304,13:25:23.312,D,@,100,18.145
ITG,20140304,13:25:23.313,D,@,100,18.141
ITG,20140304,13:25:23.318,D,I,50,18.14
ITG,20140304,13:25:23.322,D,@,100,18.145
ITG,20140304,13:25:23.322,D,@,100,18.14
ITG,20140304,13:25:23.323,D,@,100,18.1425
ITG,20140304,13:25:23.334,D,@,100,18.145
ITG,20140304,13:25:23.337,Z,@,100,18.14
ITG,20140304,13:25:23.337,T,@,100,18.14
ITG,20140304,13:25:23.338,D,@,100,18.1425
ITG,20140304,13:25:23.341,D,@,100,18.145
ITG,20140304,13:25:23.341,D,I,54,18.145
ITG,20140304,13:25:23.342,D,@,100,18.145
ITG,20140304,13:25:23.343,D,@,100,18.1425
ITG,20140304,13:25:23.530,D,@,100,18.14
ITG,20140304,13:25:28.249,N,@,100,18.13
ITG,20140304,13:25:28.263,D,@,100,18.13
ITG,20140304,13:25:28.267,D,@,100,18.135
ITG,20140304,13:25:33.294,P,F,200,18.12
ITG,20140304,13:25:41.294,N,@,100,18.13
ITG,20140304,13:25:41.295,Z,@,100,18.13
ITG,20140304,13:25:41.295,T,@,100,18.13
ITG,20140304,13:26:21.010,T,@,100,18.13
ITG,20140304,13:27:04.456,N,F,100,18.15
ITG,20140304,13:27:21.051,D,@,100,18.14
ITG,20140304,13:27:23.231,D,@,100,18.155
ITG,20140304,13:27:27.271,N,F,100,18.16
ITG,20140304,13:27:37.028,D,@,100,18.16
ITG,20140304,13:28:15.623,D,@,100,18.16
ITG,20140304,13:28:50.130,D,@,100,18.16
ITG,20140304,13:29:22.701,N,@,100,18.17
ITG,20140304,13:29:22.701,N,@,189,18.17
ITG,20140304,13:29:22.701,T,@,100,18.17
ITG,20140304,13:29:22.701,T,I,26,18.17
ITG,20140304,13:29:22.702,T,F I,74,18.17
ITG,20140304,13:29:22.702,J,I,50,18.17
ITG,20140304,13:29:22.702,N,@,100,18.17
ITG,20140304,13:29:22.702,N,F I,11,18.17
ITG,20140304,13:29:22.705,T,F,100,18.17
ITG,20140304,13:29:22.705,N,F,100,18.17
ITG,20140304,13:29:22.742,D,@,100,18.17
ITG,20140304,13:29:45.969,D,@,100,18.19
ITG,20140304,13:30:03.129,D,@,100,18.1875
ITG,20140304,13:31:12.512,D,@,100,18.18
ITG,20140304,13:31:37.168,D,@,100,18.19
ITG,20140304,13:32:10.174,D,@,100,18.185
ITG,20140304,13:33:06.668,B,F,100,18.18
ITG,20140304,13:33:13.138,Z,F,100,18.18
ITG,20140304,13:33:13.139,Z,@,100,18.18
ITG,20140304,13:33:13.139,T,@,100,18.18
ITG,20140304,13:33:13.139,Z,I,58,18.18
ITG,20140304,13:33:13.139,T,@,100,18.18
ITG,20140304,13:33:13.139,K,I,71,18.18
ITG,20140304,13:33:13.139,T,@,100,18.18
ITG,20140304,13:33:13.139,K,I,29,18.18
ITG,20140304,13:33:13.139,N,@,200,18.18
ITG,20140304,13:33:13.140,D,@,100,18.18
ITG,20140304,13:33:13.149,N,F,100,18.17
ITG,20140304,13:33:13.151,K,F,100,18.17
ITG,20140304,13:33:13.153,N,I,44,18.17
ITG,20140304,13:33:13.157,D,@,100,18.18
ITG,20140304,13:33:13.157,D,@,100,18.18
ITG,20140304,13:34:38.266,D,@,100,18.16
ITG,20140304,13:34:53.396,D,@,100,18.16
ITG,20140304,13:35:19.358,D,@,100,18.16
ITG,20140304,13:35:40.256,T,F,100,18.16
ITG,20140304,13:35:40.306,D,@,100,18.15
ITG,20140304,13:35:40.326,D,@,100,18.155
ITG,20140304,13:35:40.473,N,@,100,18.15
ITG,20140304,13:35:40.473,T,@,100,18.15
ITG,20140304,13:35:40.475,D,@,100,18.1525
ITG,20140304,13:35:40.477,D,F,100,18.155
ITG,20140304,13:35:40.487,D,@,100,18.15
ITG,20140304,13:35:51.397,D,@,100,18.14
ITG,20140304,13:35:51.410,N,@,100,18.14
ITG,20140304,13:35:51.417,N,@,100,18.15
ITG,20140304,13:35:51.418,T,@,100,18.15
ITG,20140304,13:35:51.418,Z,@,100,18.15
ITG,20140304,13:35:51.531,D,@,100,18.15
ITG,20140304,13:35:51.537,D,@,100,18.155
ITG,20140304,13:35:51.543,D,@,100,18.155
ITG,20140304,13:35:51.543,D,@,100,18.155
ITG,20140304,13:35:51.553,D,@,100,18.155
ITG,20140304,13:35:51.624,N,@,100,18.14
ITG,20140304,13:35:51.789,N,@,100,18.14
ITG,20140304,13:37:09.078,D,@,100,18.15
ITG,20140304,13:37:19.298,T,@,100,18.15
ITG,20140304,13:37:28.226,D,@,100,18.15
ITG,20140304,13:37:49.006,N,F,100,18.15
ITG,20140304,13:37:52.480,D,@,100,18.15
ITG,20140304,13:38:14.992,T,F,100,18.16
ITG,20140304,13:38:14.993,N,F,100,18.16
ITG,20140304,13:38:14.993,N,F,400,18.16
ITG,20140304,13:38:15.157,N,I,1,18.19
ITG,20140304,13:38:31.087,T,F,100,18.19
ITG,20140304,13:38:31.087,Z,I,71,18.19
ITG,20140304,13:38:45.147,Z,F I,29,18.19
ITG,20140304,13:38:49.009,D,@,100,18.19
ITG,20140304,13:39:15.481,B,@,100,18.19
ITG,20140304,13:39:15.481,T,I,71,18.19
ITG,20140304,13:39:15.481,T,@,100,18.19
ITG,20140304,13:39:15.482,N,@,100,18.19
ITG,20140304,13:40:57.714,T,F,100,18.19
ITG,20140304,13:40:58.992,P,@,100,18.18
ITG,20140304,13:40:58.992,P,@,100,18.18
ITG,20140304,13:40:58.993,Z,F I,64,18.18
ITG,20140304,13:40:59.010,D,@,100,18.175
ITG,20140304,13:40:59.012,T,F,100,18.17
ITG,20140304,13:40:59.012,N,F,100,18.17
ITG,20140304,13:40:59.012,N,I,36,18.17
ITG,20140304,13:42:07.124,N,@,100,18.18
ITG,20140304,13:42:07.125,N,F,400,18.18
ITG,20140304,13:42:07.125,T,F,100,18.18
ITG,20140304,13:42:07.125,N,@,100,18.18
ITG,20140304,13:42:07.132,D,@,100,18.18
ITG,20140304,13:42:07.240,D,@,100,18.1725
ITG,20140304,13:43:56.652,B,F,100,18.17
ITG,20140304,13:43:56.653,T,F,100,18.17
ITG,20140304,13:43:56.653,N,F,100,18.17
ITG,20140304,13:43:56.653,N,@,160,18.17
ITG,20140304,13:43:56.686,D,@,100,18.17
ITG,20140304,13:43:56.931,Z,F,100,18.16
ITG,20140304,13:45:55.727,N,F,300,18.16
ITG,20140304,13:45:55.728,N,@,207,18.16
ITG,20140304,13:45:58.063,N,I,93,18.16
ITG,20140304,13:48:05.828,B,@,100,18.17
ITG,20140304,13:48:31.567,D,F I,21,18.19
ITG,20140304,13:48:50.615,N,F,100,18.18
ITG,20140304,13:48:50.616,T,@,166,18.18
ITG,20140304,13:48:50.616,T,F I,34,18.18
ITG,20140304,13:48:50.616,N,@,300,18.18
ITG,20140304,13:48:50.617,D,@,100,18.18
ITG,20140304,13:48:50.618,K,F,100,18.18
ITG,20140304,13:48:50.620,K,F,100,18.18
ITG,20140304,13:48:50.628,D,@,100,18.18
ITG,20140304,13:48:50.628,D,@,100,18.18
ITG,20140304,13:48:50.688,D,@,100,18.18
ITG,20140304,13:48:51.085,N,F I,8,18.18
ITG,20140304,13:48:51.840,P,@,100,18.17
ITG,20140304,13:48:52.119,N,I,79,18.17
ITG,20140304,13:48:52.119,N,I,21,18.16
ITG,20140304,13:48:52.120,N,F I,58,18.16
ITG,20140304,13:49:53.543,D,@,100,18.12
ITG,20140304,13:49:57.034,D,@,100,18.12
ITG,20140304,13:50:01.074,T,F,100,18.12
ITG,20140304,13:50:01.075,N,F,100,18.12
ITG,20140304,13:50:01.076,D,@,100,18.13
ITG,20140304,13:50:01.080,K,F,100,18.11
ITG,20140304,13:50:01.091,N,F,100,18.1
ITG,20140304,13:50:40.292,N,F,200,18.11
ITG,20140304,13:50:40.292,N,F,300,18.11
ITG,20140304,13:50:40.294,N,@,100,18.11
ITG,20140304,13:50:40.390,T,@,100,18.12
ITG,20140304,13:50:40.398,D,@,100,18.12
ITG,20140304,13:50:40.406,D,@,100,18.1
ITG,20140304,13:51:14.434,N,@,100,18.13
ITG,20140304,13:51:14.435,K,@,100,18.13
ITG,20140304,13:51:14.436,D,@,100,18.1325
ITG,20140304,13:51:14.450,D,@,100,18.135
ITG,20140304,13:51:14.450,D,@,100,18.13
ITG,20140304,13:52:44.868,B,@,100,18.12
ITG,20140304,13:52:44.868,T,F,100,18.12
ITG,20140304,13:52:44.868,N,@,100,18.12
ITG,20140304,13:52:44.868,J,@,100,18.12
ITG,20140304,13:52:44.994,D,@,100,18.12
ITG,20140304,13:52:46.921,T,F,100,18.11
ITG,20140304,13:53:09.873,D,@,111,18.117
ITG,20140304,13:53:37.990,D,@,100,18.11
ITG,20140304,13:55:25.007,T,@,100,18.12
ITG,20140304,13:55:25.007,P,I,99,18.12
ITG,20140304,13:55:25.007,T,@,100,18.12
ITG,20140304,13:55:25.007,T,@,100,18.12
ITG,20140304,13:55:25.007,P,I,1,18.12
ITG,20140304,13:55:25.007,N,@,500,18.12
ITG,20140304,13:55:25.117,D,@,100,18.1175
ITG,20140304,13:55:42.196,T,F,100,18.14
ITG,20140304,13:55:42.197,N,F,100,18.15
ITG,20140304,13:55:42.298,D,@,100,18.14
ITG,20140304,13:55:50.206,N,F,300,18.15
ITG,20140304,13:55:50.209,B,I,78,18.15
ITG,20140304,13:55:50.225,D,@,100,18.16
ITG,20140304,13:55:50.225,D,@,100,18.15
ITG,20140304,13:55:50.236,B,F I,22,18.15
ITG,20140304,13:55:50.294,N,I,96,18.16
ITG,20140304,13:55:51.990,N,I,5,18.16
ITG,20140304,13:57:26.690,D,@,200,18.165
ITG,20140304,13:57:28.970,D,@,100,18.16
ITG,20140304,13:57:31.410,D,@,100,18.16
ITG,20140304,13:57:46.727,D,@,100,18.16
ITG,20140304,13:58:07.431,T,F I,78,18.15
ITG,20140304,13:58:07.431,P,F I,78,18.15
ITG,20140304,13:58:07.431,T,F I,22,18.15
ITG,20140304,13:58:07.431,P,F I,22,18.15
ITG,20140304,13:58:07.432,N,F,100,18.15
ITG,20140304,13:58:07.432,D,@,100,18.1525
ITG,20140304,13:58:07.432,N,F I,28,18.15
ITG,20140304,13:58:07.433,T,F,100,18.14
ITG,20140304,13:58:07.434,P,@,100,18.14
ITG,20140304,13:58:07.434,Z,@,100,18.14
ITG,20140304,13:58:07.434,T,F I,75,18.14
ITG,20140304,13:58:07.434,Z,F I,43,18.14
ITG,20140304,13:58:07.435,D,@,100,18.15
ITG,20140304,13:58:07.445,D,@,100,18.155
ITG,20140304,13:58:07.445,D,@,100,18.15
ITG,20140304,13:58:19.485,J,F,100,18.14
ITG,20140304,13:58:21.910,T,@,100,18.14
ITG,20140304,13:58:21.911,N,F,100,18.14
ITG,20140304,13:58:21.916,P,@,200,18.14
ITG,20140304,13:58:32.275,N,F I,37,18.14
ITG,20140304,13:59:22.389,D,I,7,18.11
ITG,20140304,13:59:34.481,D,@,100,18.125
ITG,20140304,13:59:40.589,N,@,100,18.13
ITG,20140304,14:00:28.571,D,@,100,18.125
ITG,20140304,14:00:35.603,N,F,100,18.11
ITG,20140304,14:00:36.220,P,F,100,18.11
ITG,20140304,14:00:36.220,T,F,100,18.11
ITG,20140304,14:00:36.220,N,F,100,18.11
ITG,20140304,14:00:36.233,D,@,100,18.105
ITG,20140304,14:00:44.284,D,@,100,18.11
ITG,20140304,14:00:55.545,D,@,100,18.1
ITG,20140304,14:00:57.001,P,F,100,18.1
ITG,20140304,14:00:57.001,N,F,100,18.1
ITG,20140304,14:00:57.002,T,F,100,18.1
ITG,20140304,14:01:27.029,N,F,200,18.1
ITG,20140304,14:01:27.029,P,@,100,18.1
ITG,20140304,14:01:27.030,N,@,200,18.1
ITG,20140304,14:01:27.030,T,F,100,18.1
ITG,20140304,14:01:27.030,T,F,100,18.11
ITG,20140304,14:01:27.140,D,@,100,18.1
ITG,20140304,14:01:30.549,D,@,100,18.115
ITG,20140304,14:01:41.984,N,@,100,18.12
ITG,20140304,14:03:17.397,Z,F,100,18.12
ITG,20140304,14:03:17.397,K,F,100,18.12
ITG,20140304,14:03:17.397,T,F,100,18.12
ITG,20140304,14:03:17.402,N,F,400,18.12
ITG,20140304,14:03:17.451,P,@,119,18.12
ITG,20140304,14:04:41.470,D,@,100,18.0925
ITG,20140304,14:05:10.568,D,@,100,18.07
ITG,20140304,14:05:42.835,N,F,100,18.09
ITG,20140304,14:05:42.835,N,F,100,18.09
ITG,20140304,14:05:42.835,N,F,300,18.09
ITG,20140304,14:05:42.836,P,F,100,18.1
ITG,20140304,14:06:28.573,D,@,100,18.11
ITG,20140304,14:06:28.873,D,@,100,18.115
ITG,20140304,14:06:28.879,D,@,100,18.115
ITG,20140304,14:06:28.883,D,@,100,18.115
ITG,20140304,14:06:31.743,D,@,100,18.115
ITG,20140304,14:06:31.744,D,@,100,18.115
ITG,20140304,14:06:31.746,D,@,100,18.115
ITG,20140304,14:06:32.892,D,@,100,18.115
ITG,20140304,14:06:35.214,Z,F,100,18.11
ITG,20140304,14:06:35.215,N,F,300,18.11
ITG,20140304,14:06:35.216,T,F,100,18.11
ITG,20140304,14:06:35.216,P,F I,33,18.11
ITG,20140304,14:06:36.501,D,@,276,18.1098
ITG,20140304,14:07:15.589,D,@,1400,18.1
ITG,20140304,14:07:19.837,D,@,100,18.1
ITG,20140304,14:07:24.378,N,F I,33,18.1
ITG,20140304,14:07:24.379,N,F,100,18.1
ITG,20140304,14:07:24.379,N,@,367,18.1
ITG,20140304,14:08:07.081,T,F,100,18.1
ITG,20140304,14:08:07.081,T,F,100,18.1
ITG,20140304,14:08:15.257,P,F I,36,18.09
ITG,20140304,14:08:15.264,N,F I,28,18.08
ITG,20140304,14:08:16.229,T,F,100,18.07
ITG,20140304,14:08:16.229,Z,F I,36,18.07
ITG,20140304,14:08:16.230,N,F,100,18.07
ITG,20140304,14:08:40.624,D,@,100,18.07
ITG,20140304,14:08:41.961,D,@,100,18.07
ITG,20140304,14:09:21.501,P,@,100,18.07
ITG,20140304,14:09:21.501,T,F,100,18.07
ITG,20140304,14:09:21.504,N,F,500,18.08
ITG,20140304,14:09:21.587,D,@,100,18.07
ITG,20140304,14:10:37.981,D,@,250,18.0901
ITG,20140304,14:11:06.450,N,F I,64,18.1
ITG,20140304,14:11:06.457,N,@,344,18.1
ITG,20140304,14:11:06.463,N,F,200,18.1
ITG,20140304,14:11:06.463,N,F I,92,18.1
ITG,20140304,14:11:06.473,P,F I,8,18.11
ITG,20140304,14:11:06.545,N,@,100,18.1
ITG,20140304,14:11:06.664,D,@,100,18.105
ITG,20140304,14:11:09.299,N,F,100,18.11
ITG,20140304,14:11:09.618,D,@,100,18.11
ITG,20140304,14:11:13.894,D,@,100,18.12
ITG,20140304,14:11:13.897,N,@,100,18.12
ITG,20140304,14:11:13.898,P,F I,92,18.11
ITG,20140304,14:11:13.898,Z,@,100,18.12
ITG,20140304,14:11:13.899,D,@,400,18.12
ITG,20140304,14:11:13.905,N,@,100,18.12
ITG,20140304,14:11:13.992,D,@,100,18.12
ITG,20140304,14:11:21.860,D,@,135,18.1201
ITG,20140304,14:12:09.701,D,@,100,18.125
ITG,20140304,14:12:27.480,T,F,100,18.12
ITG,20140304,14:12:27.480,T,F,100,18.12
ITG,20140304,14:12:27.481,D,@,100,18.125
ITG,20140304,14:12:27.485,T,F,100,18.12
ITG,20140304,14:12:27.485,T,F,100,18.12
ITG,20140304,14:12:27.486,N,@,100,18.11
ITG,20140304,14:12:27.500,D,@,100,18.13
ITG,20140304,14:12:27.501,D,@,100,18.13
ITG,20140304,14:12:27.501,D,@,100,18.12
ITG,20140304,14:12:27.510,D,@,100,18.115
ITG,20140304,14:12:30.115,D,@,135,18.115
ITG,20140304,14:12:35.120,D,4 I,1,18.1204
ITG,20140304,14:12:41.530,T,@,100,18.11
ITG,20140304,14:12:41.543,D,@,100,18.11
ITG,20140304,14:13:09.404,D,@,100,18.1
ITG,20140304,14:13:55.254,N,F,100,18.11
ITG,20140304,14:13:55.255,Z,F,100,18.11
ITG,20140304,14:13:55.255,N,F,100,18.11
ITG,20140304,14:13:57.108,N,F,400,18.11
ITG,20140304,14:15:00.626,D,@,100,18.115
ITG,20140304,14:15:55.592,D,@,100,18.115
ITG,20140304,14:16:01.782,K,F,100,18.11
ITG,20140304,14:16:01.782,T,F,100,18.11
ITG,20140304,14:16:01.782,T,F,100,18.11
ITG,20140304,14:16:01.783,T,F I,64,18.11
ITG,20140304,14:16:01.783,D,@,100,18.115
ITG,20140304,14:16:01.804,D,@,100,18.12
ITG,20140304,14:16:01.804,D,@,100,18.11
ITG,20140304,14:16:04.768,D,@,100,18.11
ITG,20140304,14:16:25.216,D,@,100,18.1
ITG,20140304,14:16:44.971,D,@,100,18.1125
ITG,20140304,14:16:44.972,T,I,29,18.11
ITG,20140304,14:17:29.951,D,F,100,18.11
ITG,20140304,14:17:29.963,N,F,100,18.11
ITG,20140304,14:17:29.963,P,F,100,18.11
ITG,20140304,14:17:29.964,K,F,100,18.11
ITG,20140304,14:17:29.964,T,F I,71,18.11
ITG,20140304,14:17:29.964,T,F,100,18.11
ITG,20140304,14:17:29.964,Z,F,100,18.1
ITG,20140304,14:17:29.964,Z,F,100,18.1
ITG,20140304,14:17:29.965,T,F I,30,18.1
ITG,20140304,14:17:29.965,T,F I,71,18.1
ITG,20140304,14:17:29.965,T,F I,30,18.1
ITG,20140304,14:17:29.965,N,F I,87,18.11
ITG,20140304,14:17:29.965,D,@,100,18.1125
ITG,20140304,14:17:29.965,N,F I,12,18.1
ITG,20140304,14:17:29.965,N,F I,88,18.1
ITG,20140304,14:17:35.594,D,@,100,18.095
ITG,20140304,14:17:36.810,D,@,100,18.09
ITG,20140304,14:17:53.176,N,F,100,18.09
ITG,20140304,14:18:00.603,D,@,100,18.085
ITG,20140304,14:18:19.557,T,@,100,18.08
ITG,20140304,14:18:19.557,T,F,100,18.08
ITG,20140304,14:18:19.558,N,F I,41,18.08
ITG,20140304,14:18:19.558,N,@,159,18.08
ITG,20140304,14:18:19.583,Z,F I,71,18.07
ITG,20140304,14:18:19.583,Z,F I,29,18.07
ITG,20140304,14:18:30.599,D,@,100,18.06
ITG,20140304,14:18:30.633,D,@,100,18.065
ITG,20140304,14:18:37.269,D,@,100,18.065
ITG,20140304,14:18:37.304,D,@,100,18.065
ITG,20140304,14:18:39.010,D,@,100,18.05
ITG,20140304,14:19:03.663,D,@,100,18.04
ITG,20140304,14:19:34.489,D,@,100,18.045
ITG,20140304,14:19:36.597,D,@,100,18.045
ITG,20140304,14:19:44.660,D,@,100,18.045
ITG,20140304,14:20:01.498,D,@,200,18.045
ITG,20140304,14:20:14.448,D,@,100,18.05
ITG,20140304,14:20:14.457,D,@,100,18.05
ITG,20140304,14:20:14.481,N,@,100,18.05
ITG,20140304,14:20:14.482,P,@,100,18.05
ITG,20140304,14:20:14.482,N,@,500,18.05
ITG,20140304,14:20:14.482,Z,I,4,18.05
ITG,20140304,14:20:14.482,T,@,100,18.05
ITG,20140304,14:20:14.589,P,F I,5,18.07
ITG,20140304,14:22:18.839,P,F,100,18.08
ITG,20140304,14:22:18.840,N,F,100,18.08
ITG,20140304,14:22:18.840,N,F I,59,18.08
ITG,20140304,14:22:18.841,N,F,200,18.08
ITG,20140304,14:22:18.842,N,F,341,18.08
ITG,20140304,14:23:03.282,T,@,100,18.11
ITG,20140304,14:23:05.547,D,@,100,18.11
ITG,20140304,14:23:07.885,D,@,100,18.11
ITG,20140304,14:23:21.476,D,@,500,18.105
